,Time,PRICE,SIZE,BID_PRICE1,ASK_PRICE1,BID_SIZE1,ASK_SIZE1,Type
17344,2023-03-16 10:00:00.192502,,,159.8,159.84,100,140,Glass
0,2023-03-16 10:00:00.255376,159.81,100,,,,,Deal
17345,2023-03-16 10:00:00.723481,,,159.8,159.83,163,192,Glass
1,2023-03-16 10:00:00.781187,159.83,20,,,,,Deal
17346,2023-03-16 10:00:01.223688,,,159.75,159.8,40,91,Glass
2,2023-03-16 10:00:01.286070,159.81,20,,,,,Deal
17347,2023-03-16 10:00:01.955348,,,159.75,159.8,40,60,Glass
3,2023-03-16 10:00:01.955348,159.8,40,,,,,Deal
17348,2023-03-16 10:00:02.723206,,,159.75,159.8,80,10,Glass
4,2023-03-16 10:00:02.723206,159.8,10,,,,,Deal
17349,2023-03-16 10:00:03.732989,,,159.75,159.8,78,4,Glass
5,2023-03-16 10:00:03.732989,159.8,6,,,,,Deal
17350,2023-03-16 10:00:04.312892,,,159.75,159.79,76,119,Glass
6,2023-03-16 10:00:04.312892,159.79,20,,,,,Deal
7,2023-03-16 10:00:04.930295,159.79,2,,,,,Deal
17351,2023-03-16 10:00:04.930295,,,159.76,159.79,79,145,Glass
8,2023-03-16 10:00:05.493215,159.79,1,,,,,Deal
17352,2023-03-16 10:00:05.493215,,,159.75,159.79,80,342,Glass
17353,2023-03-16 10:00:06.256210,,,159.75,159.79,78,91,Glass
9,2023-03-16 10:00:06.256210,159.79,6,,,,,Deal
10,2023-03-16 10:00:06.888046,159.75,3,,,,,Deal
17354,2023-03-16 10:00:06.888046,,,159.75,159.79,77,90,Glass
17355,2023-03-16 10:00:07.838392,,,159.75,159.79,77,230,Glass
11,2023-03-16 10:00:07.856960,159.79,1,,,,,Deal
17356,2023-03-16 10:00:08.551723,,,159.75,159.79,114,224,Glass
12,2023-03-16 10:00:08.551723,159.79,5,,,,,Deal
13,2023-03-16 10:00:09.097715,159.79,3,,,,,Deal
17357,2023-03-16 10:00:09.097715,,,159.76,159.79,41,218,Glass
17358,2023-03-16 10:00:09.751523,,,159.76,159.79,40,217,Glass
14,2023-03-16 10:00:09.751523,159.76,1,,,,,Deal
15,2023-03-16 10:00:10.270939,159.75,4,,,,,Deal
17359,2023-03-16 10:00:10.270939,,,159.75,159.79,320,140,Glass
17360,2023-03-16 10:00:10.970766,,,159.75,159.79,540,140,Glass
17361,2023-03-16 10:00:11.639200,,,159.75,159.8,540,722,Glass
16,2023-03-16 10:00:11.740559,159.75,190,,,,,Deal
17,2023-03-16 10:00:12.645633,159.77,1,,,,,Deal
17362,2023-03-16 10:00:12.645633,,,159.77,159.78,150,11,Glass
17363,2023-03-16 10:00:13.335363,,,159.77,159.79,150,41,Glass
18,2023-03-16 10:00:13.816619,159.79,1,,,,,Deal
17364,2023-03-16 10:00:14.016343,,,159.77,159.79,50,39,Glass
19,2023-03-16 10:00:14.409363,159.79,10,,,,,Deal
17365,2023-03-16 10:00:15.815950,,,159.77,159.79,49,29,Glass
20,2023-03-16 10:00:15.815950,159.77,1,,,,,Deal
17366,2023-03-16 10:00:16.811737,,,159.77,159.79,29,29,Glass
21,2023-03-16 10:00:16.811737,159.77,20,,,,,Deal
17367,2023-03-16 10:00:17.443822,,,159.74,159.79,450,517,Glass
17368,2023-03-16 10:00:18.378029,,,159.74,159.79,50,317,Glass
22,2023-03-16 10:00:18.378029,159.74,300,,,,,Deal
17369,2023-03-16 10:00:18.906715,,,159.72,159.77,84,149,Glass
23,2023-03-16 10:00:18.906715,159.72,100,,,,,Deal
24,2023-03-16 10:00:20.307513,159.76,15,,,,,Deal
17370,2023-03-16 10:00:20.307513,,,159.71,159.76,223,173,Glass
17371,2023-03-16 10:00:21.479607,,,159.71,159.76,223,223,Glass
17372,2023-03-16 10:00:22.021501,,,159.71,159.76,222,223,Glass
25,2023-03-16 10:00:22.021501,159.71,1,,,,,Deal
17373,2023-03-16 10:00:23.010962,,,159.71,159.75,222,1,Glass
26,2023-03-16 10:00:23.650658,159.75,1,,,,,Deal
17374,2023-03-16 10:00:23.650658,,,159.71,159.75,273,3,Glass
27,2023-03-16 10:00:24.646580,159.72,2,,,,,Deal
17375,2023-03-16 10:00:24.646580,,,159.72,159.75,1,143,Glass
28,2023-03-16 10:00:25.722125,159.7,1,,,,,Deal
17376,2023-03-16 10:00:25.722125,,,159.7,159.71,252,3,Glass
29,2023-03-16 10:00:27.734334,159.7,21,,,,,Deal
17377,2023-03-16 10:00:27.734334,,,159.7,159.71,231,3,Glass
17378,2023-03-16 10:00:28.268968,,,159.7,159.71,229,3,Glass
30,2023-03-16 10:00:28.268968,159.7,1,,,,,Deal
17379,2023-03-16 10:00:28.794890,,,159.75,159.76,10,4,Glass
31,2023-03-16 10:00:29.397988,159.75,10,,,,,Deal
17380,2023-03-16 10:00:29.397988,,,159.75,159.76,30,4,Glass
32,2023-03-16 10:00:29.983653,159.71,5,,,,,Deal
17381,2023-03-16 10:00:29.983653,,,159.71,159.76,95,4,Glass
17382,2023-03-16 10:00:30.503729,,,159.76,159.8,222,486,Glass
33,2023-03-16 10:00:30.503729,159.8,5,,,,,Deal
34,2023-03-16 10:00:31.126227,159.8,20,,,,,Deal
17383,2023-03-16 10:00:31.126227,,,159.77,159.8,613,178,Glass
17384,2023-03-16 10:00:32.729109,,,159.77,159.8,279,178,Glass
35,2023-03-16 10:00:32.960091,159.8,15,,,,,Deal
17385,2023-03-16 10:00:33.491437,,,159.78,159.8,613,166,Glass
17386,2023-03-16 10:00:34.002238,,,159.78,159.8,613,166,Glass
36,2023-03-16 10:00:34.385078,159.8,153,,,,,Deal
17387,2023-03-16 10:00:34.554771,,,159.78,159.85,222,362,Glass
17388,2023-03-16 10:00:36.041880,,,159.78,159.85,221,123,Glass
37,2023-03-16 10:00:36.290327,159.85,1,,,,,Deal
17389,2023-03-16 10:00:37.029844,,,159.72,159.77,221,175,Glass
38,2023-03-16 10:00:37.029844,159.72,1,,,,,Deal
39,2023-03-16 10:00:39.578600,159.72,5,,,,,Deal
17390,2023-03-16 10:00:39.578600,,,159.72,159.77,215,174,Glass
17391,2023-03-16 10:00:40.510204,,,159.72,159.77,214,173,Glass
40,2023-03-16 10:00:40.510204,159.72,1,,,,,Deal
17392,2023-03-16 10:00:41.081514,,,159.72,159.77,213,173,Glass
41,2023-03-16 10:00:41.081514,159.72,1,,,,,Deal
17393,2023-03-16 10:00:41.721882,,,159.72,159.77,212,173,Glass
42,2023-03-16 10:00:41.721882,159.72,1,,,,,Deal
17394,2023-03-16 10:00:42.394871,,,159.72,159.77,212,172,Glass
43,2023-03-16 10:00:42.394871,159.77,1,,,,,Deal
17395,2023-03-16 10:00:43.015071,,,159.72,159.77,161,172,Glass
44,2023-03-16 10:00:43.015071,159.72,50,,,,,Deal
17396,2023-03-16 10:00:43.714680,,,159.72,159.77,159,172,Glass
45,2023-03-16 10:00:43.714680,159.72,1,,,,,Deal
17397,2023-03-16 10:00:44.557176,,,159.72,159.77,222,171,Glass
46,2023-03-16 10:00:44.854857,159.73,1,,,,,Deal
17398,2023-03-16 10:00:45.095312,,,159.73,159.77,274,170,Glass
47,2023-03-16 10:00:45.481637,159.75,1,,,,,Deal
17399,2023-03-16 10:00:45.627925,,,159.75,159.77,1224,102,Glass
48,2023-03-16 10:00:46.093407,159.77,12,,,,,Deal
17400,2023-03-16 10:00:46.226162,,,159.76,159.8,11,7,Glass
49,2023-03-16 10:00:47.155556,159.8,1,,,,,Deal
17401,2023-03-16 10:00:47.155556,,,159.77,159.8,1135,6,Glass
50,2023-03-16 10:00:48.633488,159.79,1,,,,,Deal
17402,2023-03-16 10:00:48.633488,,,159.79,159.8,49,5,Glass
51,2023-03-16 10:00:49.730208,159.79,1,,,,,Deal
17403,2023-03-16 10:00:49.730208,,,159.79,159.8,48,5,Glass
52,2023-03-16 10:00:50.662647,159.79,1,,,,,Deal
17404,2023-03-16 10:00:50.662647,,,159.79,159.8,47,3,Glass
53,2023-03-16 10:00:55.065090,159.79,37,,,,,Deal
17405,2023-03-16 10:00:55.065090,,,159.77,159.8,100,3,Glass
17406,2023-03-16 10:00:55.899263,,,159.7,159.78,401,322,Glass
54,2023-03-16 10:00:55.899263,159.71,150,,,,,Deal
17407,2023-03-16 10:00:58.441185,,,159.71,159.78,313,322,Glass
55,2023-03-16 10:00:58.441185,159.71,1,,,,,Deal
56,2023-03-16 10:00:59.510393,159.71,1,,,,,Deal
17408,2023-03-16 10:00:59.510393,,,159.71,159.78,312,321,Glass
17409,2023-03-16 10:01:00.268347,,,159.71,159.75,48,613,Glass
57,2023-03-16 10:01:00.318559,159.71,1,,,,,Deal
17410,2023-03-16 10:01:01.011606,,,159.71,159.74,46,222,Glass
58,2023-03-16 10:01:01.011606,159.71,1,,,,,Deal
17411,2023-03-16 10:01:01.556518,,,159.71,159.74,42,222,Glass
59,2023-03-16 10:01:01.556518,159.71,4,,,,,Deal
17412,2023-03-16 10:01:02.625366,,,159.7,159.74,1530,222,Glass
60,2023-03-16 10:01:02.625366,159.7,1,,,,,Deal
17413,2023-03-16 10:01:03.161011,,,159.7,159.74,1550,222,Glass
61,2023-03-16 10:01:03.161011,159.7,20,,,,,Deal
17414,2023-03-16 10:01:04.572866,,,159.7,159.74,1548,222,Glass
62,2023-03-16 10:01:04.572866,159.7,1,,,,,Deal
17415,2023-03-16 10:01:05.309214,,,159.7,159.74,1537,222,Glass
63,2023-03-16 10:01:05.309214,159.7,1,,,,,Deal
17416,2023-03-16 10:01:06.167243,,,159.71,159.74,5,222,Glass
64,2023-03-16 10:01:06.477036,159.71,1,,,,,Deal
17417,2023-03-16 10:01:06.787104,,,159.71,159.74,4,159,Glass
65,2023-03-16 10:01:07.583369,159.71,1,,,,,Deal
17418,2023-03-16 10:01:07.583369,,,159.71,159.74,3,159,Glass
17419,2023-03-16 10:01:08.195204,,,159.72,159.74,180,159,Glass
66,2023-03-16 10:01:08.733406,159.71,1,,,,,Deal
17420,2023-03-16 10:01:08.733406,,,159.71,159.76,52,222,Glass
67,2023-03-16 10:01:09.856939,159.7,1,,,,,Deal
17421,2023-03-16 10:01:09.856939,,,159.7,159.76,1647,222,Glass
68,2023-03-16 10:01:10.535911,159.7,1,,,,,Deal
17422,2023-03-16 10:01:10.535911,,,159.7,159.76,1646,222,Glass
17423,2023-03-16 10:01:11.072390,,,159.7,159.77,1646,1000,Glass
69,2023-03-16 10:01:11.401740,159.7,1,,,,,Deal
17424,2023-03-16 10:01:11.686491,,,159.7,159.76,1645,78,Glass
17425,2023-03-16 10:01:12.404165,,,159.7,159.76,1641,222,Glass
70,2023-03-16 10:01:12.404165,159.7,1,,,,,Deal
17426,2023-03-16 10:01:12.952517,,,159.7,159.77,1641,1000,Glass
17427,2023-03-16 10:01:15.250943,,,159.72,159.79,180,112,Glass
17428,2023-03-16 10:01:16.233412,,,159.72,159.79,180,112,Glass
17429,2023-03-16 10:01:17.790234,,,159.74,159.8,613,1027,Glass
17430,2023-03-16 10:01:19.371914,,,159.7,159.8,1201,1027,Glass
71,2023-03-16 10:01:19.596668,159.79,1,,,,,Deal
17431,2023-03-16 10:01:20.613715,,,159.71,159.79,665,111,Glass
17432,2023-03-16 10:01:22.043722,,,159.71,159.78,705,222,Glass
17433,2023-03-16 10:01:23.307314,,,159.72,159.78,140,194,Glass
72,2023-03-16 10:01:23.711741,159.78,50,,,,,Deal
17434,2023-03-16 10:01:24.479227,,,159.72,159.79,140,82,Glass
73,2023-03-16 10:01:24.479227,159.79,29,,,,,Deal
17435,2023-03-16 10:01:25.247153,,,159.73,159.78,20,82,Glass
74,2023-03-16 10:01:25.878928,159.73,1,,,,,Deal
17436,2023-03-16 10:01:25.878928,,,159.73,159.79,119,423,Glass
75,2023-03-16 10:01:26.527871,159.71,1,,,,,Deal
17437,2023-03-16 10:01:26.527871,,,159.71,159.78,339,113,Glass
76,2023-03-16 10:01:27.182179,159.78,1,,,,,Deal
17438,2023-03-16 10:01:27.182179,,,159.75,159.78,5,19,Glass
77,2023-03-16 10:01:27.687525,159.78,1,,,,,Deal
17439,2023-03-16 10:01:27.687525,,,159.76,159.78,77,18,Glass
17440,2023-03-16 10:01:29.517726,,,159.77,159.78,40,18,Glass
17441,2023-03-16 10:01:31.519296,,,159.77,159.78,117,17,Glass
78,2023-03-16 10:01:31.519296,159.78,1,,,,,Deal
17442,2023-03-16 10:01:32.515986,,,159.71,159.78,287,109,Glass
79,2023-03-16 10:01:32.515986,159.78,8,,,,,Deal
17443,2023-03-16 10:01:33.606061,,,159.71,159.78,509,109,Glass
17444,2023-03-16 10:01:34.456044,,,159.72,159.78,78,109,Glass
80,2023-03-16 10:01:34.787002,159.78,1,,,,,Deal
17445,2023-03-16 10:01:36.458181,,,159.72,159.78,38,108,Glass
81,2023-03-16 10:01:36.458181,159.78,1,,,,,Deal
17446,2023-03-16 10:01:37.455141,,,159.73,159.78,138,8,Glass
82,2023-03-16 10:01:39.522395,159.75,1,,,,,Deal
17447,2023-03-16 10:01:39.522395,,,159.72,159.78,38,8,Glass
17448,2023-03-16 10:01:40.389023,,,159.72,159.78,98,8,Glass
17449,2023-03-16 10:01:40.889159,,,159.72,159.78,108,8,Glass
17450,2023-03-16 10:01:41.419377,,,159.72,159.78,168,8,Glass
17451,2023-03-16 10:01:42.013195,,,159.72,159.78,178,7,Glass
83,2023-03-16 10:01:42.013195,159.78,1,,,,,Deal
17452,2023-03-16 10:01:43.461672,,,159.72,159.77,188,613,Glass
84,2023-03-16 10:01:43.847162,159.72,1,,,,,Deal
17453,2023-03-16 10:01:44.426189,,,159.72,159.77,127,100,Glass
17454,2023-03-16 10:01:44.955338,,,159.72,159.77,127,94,Glass
85,2023-03-16 10:01:44.955338,159.77,6,,,,,Deal
17455,2023-03-16 10:01:46.071789,,,159.72,159.77,103,94,Glass
86,2023-03-16 10:01:46.071789,159.72,18,,,,,Deal
17456,2023-03-16 10:01:50.166031,,,159.72,159.77,97,94,Glass
87,2023-03-16 10:01:50.166031,159.72,6,,,,,Deal
88,2023-03-16 10:01:51.075262,159.72,6,,,,,Deal
17457,2023-03-16 10:01:51.075262,,,159.72,159.77,92,32,Glass
17458,2023-03-16 10:01:52.277781,,,159.73,159.77,16,11,Glass
89,2023-03-16 10:01:52.277781,159.73,3,,,,,Deal
17459,2023-03-16 10:01:53.236250,,,159.72,159.77,52,11,Glass
90,2023-03-16 10:01:53.236250,159.73,16,,,,,Deal
91,2023-03-16 10:01:55.001742,159.72,2,,,,,Deal
17460,2023-03-16 10:01:55.001742,,,159.71,159.72,399,930,Glass
92,2023-03-16 10:01:55.885823,159.72,1,,,,,Deal
17461,2023-03-16 10:01:55.885823,,,159.71,159.72,399,928,Glass
93,2023-03-16 10:01:56.724882,159.72,80,,,,,Deal
17462,2023-03-16 10:01:56.724882,,,159.71,159.72,399,988,Glass
94,2023-03-16 10:01:58.476543,159.72,20,,,,,Deal
17463,2023-03-16 10:01:58.476543,,,159.71,159.72,399,787,Glass
17464,2023-03-16 10:01:59.146917,,,159.71,159.72,399,647,Glass
95,2023-03-16 10:02:00.776024,159.72,3,,,,,Deal
17465,2023-03-16 10:02:00.776024,,,159.71,159.72,399,684,Glass
17466,2023-03-16 10:02:01.474923,,,159.71,159.72,399,823,Glass
96,2023-03-16 10:02:01.474923,159.72,20,,,,,Deal
17467,2023-03-16 10:02:03.964430,,,159.71,159.72,399,721,Glass
17468,2023-03-16 10:02:04.997530,,,159.71,159.72,409,721,Glass
17469,2023-03-16 10:02:05.710661,,,159.71,159.72,409,691,Glass
97,2023-03-16 10:02:05.710661,159.72,30,,,,,Deal
17470,2023-03-16 10:02:06.602833,,,159.71,159.72,409,701,Glass
17471,2023-03-16 10:02:07.198401,,,159.71,159.72,429,691,Glass
98,2023-03-16 10:02:07.198401,159.72,10,,,,,Deal
99,2023-03-16 10:02:08.713618,159.71,10,,,,,Deal
17472,2023-03-16 10:02:08.713618,,,159.71,159.72,419,651,Glass
17473,2023-03-16 10:02:09.357624,,,159.68,159.7,403,861,Glass
100,2023-03-16 10:02:09.801492,159.68,1,,,,,Deal
17474,2023-03-16 10:02:09.915057,,,159.68,159.69,269,50,Glass
17475,2023-03-16 10:02:10.703404,,,159.6,159.61,384,122,Glass
101,2023-03-16 10:02:10.703404,159.61,1,,,,,Deal
102,2023-03-16 10:02:12.060351,159.61,10,,,,,Deal
17476,2023-03-16 10:02:12.060351,,,159.6,159.61,384,12,Glass
17477,2023-03-16 10:02:12.575612,,,159.6,159.61,384,2,Glass
103,2023-03-16 10:02:12.575612,159.61,10,,,,,Deal
17478,2023-03-16 10:02:14.402688,,,159.58,159.6,450,137,Glass
104,2023-03-16 10:02:15.242432,159.6,50,,,,,Deal
17479,2023-03-16 10:02:15.242432,,,159.58,159.6,450,87,Glass
105,2023-03-16 10:02:15.949423,159.58,60,,,,,Deal
17480,2023-03-16 10:02:15.949423,,,159.58,159.6,390,83,Glass
106,2023-03-16 10:02:16.682936,159.6,1,,,,,Deal
17481,2023-03-16 10:02:16.682936,,,159.58,159.6,298,82,Glass
17482,2023-03-16 10:02:17.465141,,,159.58,159.6,268,81,Glass
107,2023-03-16 10:02:17.465141,159.58,30,,,,,Deal
108,2023-03-16 10:02:17.971697,159.58,80,,,,,Deal
17483,2023-03-16 10:02:17.971697,,,159.58,159.6,220,81,Glass
17484,2023-03-16 10:02:19.007461,,,159.58,159.65,300,93,Glass
17485,2023-03-16 10:02:19.511038,,,159.6,159.64,3,10,Glass
109,2023-03-16 10:02:19.948099,159.58,19,,,,,Deal
17486,2023-03-16 10:02:20.139356,,,159.58,159.64,351,10,Glass
110,2023-03-16 10:02:20.465080,159.58,6,,,,,Deal
17487,2023-03-16 10:02:20.994449,,,159.58,159.64,349,10,Glass
111,2023-03-16 10:02:20.994449,159.58,1,,,,,Deal
17488,2023-03-16 10:02:23.050218,,,159.58,159.59,350,50,Glass
112,2023-03-16 10:02:23.367783,159.58,50,,,,,Deal
17489,2023-03-16 10:02:23.818349,,,159.57,159.59,429,50,Glass
113,2023-03-16 10:02:24.302782,159.58,40,,,,,Deal
17490,2023-03-16 10:02:24.970991,,,159.57,159.59,200,40,Glass
114,2023-03-16 10:02:24.970991,159.59,10,,,,,Deal
17491,2023-03-16 10:02:25.961768,,,159.57,159.59,188,40,Glass
115,2023-03-16 10:02:25.961768,159.57,12,,,,,Deal
17492,2023-03-16 10:02:26.670144,,,159.55,159.59,49,40,Glass
116,2023-03-16 10:02:26.670144,159.56,198,,,,,Deal
17493,2023-03-16 10:02:27.196145,,,159.54,159.59,300,311,Glass
117,2023-03-16 10:02:27.196145,159.59,1,,,,,Deal
17494,2023-03-16 10:02:27.696630,,,159.52,159.6,50,10,Glass
17495,2023-03-16 10:02:28.325055,,,159.52,159.56,350,50,Glass
118,2023-03-16 10:02:28.327140,159.52,50,,,,,Deal
17496,2023-03-16 10:02:29.716908,,,159.52,159.54,300,50,Glass
119,2023-03-16 10:02:30.024666,159.54,2,,,,,Deal
17497,2023-03-16 10:02:31.028864,,,159.51,159.54,566,48,Glass
120,2023-03-16 10:02:31.229478,159.54,20,,,,,Deal
17498,2023-03-16 10:02:31.530022,,,159.51,159.55,564,1200,Glass
17499,2023-03-16 10:02:32.127056,,,159.51,159.55,424,1090,Glass
121,2023-03-16 10:02:32.127056,159.51,140,,,,,Deal
17500,2023-03-16 10:02:32.926296,,,159.51,159.54,424,10,Glass
17501,2023-03-16 10:02:33.592250,,,159.51,159.53,424,50,Glass
122,2023-03-16 10:02:33.719432,159.51,18,,,,,Deal
17502,2023-03-16 10:02:34.273218,,,159.5,159.51,377,10,Glass
123,2023-03-16 10:02:34.611021,159.5,12,,,,,Deal
17503,2023-03-16 10:02:34.987609,,,159.5,159.51,172,70,Glass
17504,2023-03-16 10:02:36.052596,,,159.5,159.51,122,103,Glass
124,2023-03-16 10:02:36.052596,159.5,50,,,,,Deal
17505,2023-03-16 10:02:37.353880,,,159.5,159.51,132,213,Glass
125,2023-03-16 10:02:38.464156,159.5,57,,,,,Deal
17506,2023-03-16 10:02:38.464156,,,159.5,159.51,75,213,Glass
126,2023-03-16 10:02:39.599728,159.44,1,,,,,Deal
17507,2023-03-16 10:02:39.599728,,,159.44,159.45,439,530,Glass
17508,2023-03-16 10:02:40.258237,,,159.4,159.41,142,110,Glass
127,2023-03-16 10:02:40.258237,159.4,1,,,,,Deal
17509,2023-03-16 10:02:40.962031,,,159.37,159.38,491,60,Glass
128,2023-03-16 10:02:41.209136,159.37,2,,,,,Deal
17510,2023-03-16 10:02:41.479961,,,159.37,159.38,489,40,Glass
129,2023-03-16 10:02:41.959433,159.37,38,,,,,Deal
130,2023-03-16 10:02:42.635898,159.38,2,,,,,Deal
17511,2023-03-16 10:02:42.635898,,,159.37,159.38,405,38,Glass
131,2023-03-16 10:02:44.140633,159.38,8,,,,,Deal
17512,2023-03-16 10:02:44.140633,,,159.37,159.38,340,30,Glass
17513,2023-03-16 10:02:44.727872,,,159.37,159.38,370,6,Glass
132,2023-03-16 10:02:44.826809,159.37,10,,,,,Deal
17514,2023-03-16 10:02:47.054387,,,159.37,159.38,81,106,Glass
133,2023-03-16 10:02:47.222546,159.38,1,,,,,Deal
17515,2023-03-16 10:02:47.677616,,,159.37,159.38,81,104,Glass
17516,2023-03-16 10:02:48.919870,,,159.37,159.38,81,4,Glass
17517,2023-03-16 10:02:52.192463,,,159.37,159.38,111,4,Glass
17518,2023-03-16 10:02:53.104430,,,159.37,159.38,111,8,Glass
134,2023-03-16 10:02:53.700684,159.38,4,,,,,Deal
17519,2023-03-16 10:02:53.700684,,,159.37,159.38,121,4,Glass
17520,2023-03-16 10:02:55.370006,,,159.37,159.39,121,617,Glass
135,2023-03-16 10:02:55.638358,159.37,30,,,,,Deal
17521,2023-03-16 10:02:56.554139,,,159.37,159.39,61,617,Glass
136,2023-03-16 10:02:56.554139,159.37,10,,,,,Deal
137,2023-03-16 10:02:57.438308,159.39,1,,,,,Deal
17522,2023-03-16 10:02:57.438308,,,159.37,159.39,51,616,Glass
138,2023-03-16 10:02:58.741476,159.37,10,,,,,Deal
17523,2023-03-16 10:02:58.741476,,,159.37,159.39,41,616,Glass
17524,2023-03-16 10:03:00.581707,,,159.33,159.34,700,47,Glass
139,2023-03-16 10:03:00.581707,159.33,1,,,,,Deal
17525,2023-03-16 10:03:01.475499,,,159.33,159.34,682,46,Glass
140,2023-03-16 10:03:01.475499,159.33,9,,,,,Deal
17526,2023-03-16 10:03:02.759972,,,159.33,159.34,682,44,Glass
141,2023-03-16 10:03:02.759972,159.34,1,,,,,Deal
17527,2023-03-16 10:03:03.689276,,,159.33,159.34,682,43,Glass
142,2023-03-16 10:03:03.689276,159.34,1,,,,,Deal
143,2023-03-16 10:03:04.891395,159.34,1,,,,,Deal
17528,2023-03-16 10:03:04.891395,,,159.33,159.34,682,42,Glass
17529,2023-03-16 10:03:06.087503,,,159.33,159.34,682,31,Glass
144,2023-03-16 10:03:06.087503,159.34,10,,,,,Deal
17530,2023-03-16 10:03:06.722729,,,159.33,159.34,532,10,Glass
145,2023-03-16 10:03:06.722729,159.33,150,,,,,Deal
146,2023-03-16 10:03:08.597089,159.34,10,,,,,Deal
17531,2023-03-16 10:03:08.597089,,,159.33,159.35,531,516,Glass
17532,2023-03-16 10:03:09.252790,,,159.33,159.35,561,506,Glass
17533,2023-03-16 10:03:09.783913,,,159.34,159.35,50,556,Glass
147,2023-03-16 10:03:09.911636,159.34,15,,,,,Deal
17534,2023-03-16 10:03:10.365872,,,159.34,159.35,35,552,Glass
148,2023-03-16 10:03:10.657964,159.34,35,,,,,Deal
17535,2023-03-16 10:03:11.781585,,,159.33,159.35,225,552,Glass
149,2023-03-16 10:03:11.952691,159.35,1,,,,,Deal
17536,2023-03-16 10:03:12.699899,,,159.33,159.35,185,586,Glass
150,2023-03-16 10:03:12.699899,159.33,40,,,,,Deal
17537,2023-03-16 10:03:13.612999,,,159.33,159.35,175,584,Glass
151,2023-03-16 10:03:13.612999,159.35,1,,,,,Deal
17538,2023-03-16 10:03:14.295271,,,159.33,159.35,175,579,Glass
152,2023-03-16 10:03:14.295271,159.35,5,,,,,Deal
17539,2023-03-16 10:03:15.016793,,,159.34,159.35,10,578,Glass
17540,2023-03-16 10:03:16.125219,,,159.33,159.35,185,578,Glass
153,2023-03-16 10:03:16.125219,159.34,10,,,,,Deal
154,2023-03-16 10:03:16.964748,159.34,1,,,,,Deal
17541,2023-03-16 10:03:16.964748,,,159.33,159.34,183,99,Glass
17542,2023-03-16 10:03:17.884479,,,159.33,159.34,383,69,Glass
155,2023-03-16 10:03:17.884479,159.34,30,,,,,Deal
17543,2023-03-16 10:03:18.463735,,,159.33,159.34,382,69,Glass
156,2023-03-16 10:03:18.463735,159.33,1,,,,,Deal
17544,2023-03-16 10:03:19.142708,,,159.33,159.34,382,68,Glass
157,2023-03-16 10:03:19.142708,159.34,1,,,,,Deal
158,2023-03-16 10:03:20.123136,159.35,19,,,,,Deal
17545,2023-03-16 10:03:20.123136,,,159.33,159.35,382,502,Glass
17546,2023-03-16 10:03:21.458198,,,159.34,159.35,10,420,Glass
159,2023-03-16 10:03:21.458198,159.35,1,,,,,Deal
17547,2023-03-16 10:03:22.242280,,,159.33,159.34,221,191,Glass
160,2023-03-16 10:03:22.369466,159.33,1,,,,,Deal
161,2023-03-16 10:03:23.793342,159.34,1,,,,,Deal
17548,2023-03-16 10:03:23.793342,,,159.33,159.34,181,190,Glass
162,2023-03-16 10:03:24.440879,159.34,1,,,,,Deal
17549,2023-03-16 10:03:24.440879,,,159.33,159.34,181,189,Glass
163,2023-03-16 10:03:25.021500,159.34,1,,,,,Deal
17550,2023-03-16 10:03:25.021500,,,159.33,159.34,181,188,Glass
164,2023-03-16 10:03:25.889258,159.34,1,,,,,Deal
17551,2023-03-16 10:03:25.889258,,,159.33,159.34,181,180,Glass
165,2023-03-16 10:03:26.969706,159.34,1,,,,,Deal
17552,2023-03-16 10:03:26.969706,,,159.33,159.34,171,179,Glass
166,2023-03-16 10:03:28.192739,159.34,75,,,,,Deal
17553,2023-03-16 10:03:28.192739,,,159.33,159.34,171,104,Glass
17554,2023-03-16 10:03:29.669080,,,159.34,159.35,351,705,Glass
167,2023-03-16 10:03:29.989188,159.35,2,,,,,Deal
17555,2023-03-16 10:03:30.672638,,,159.34,159.35,851,703,Glass
168,2023-03-16 10:03:31.220096,159.35,1,,,,,Deal
17556,2023-03-16 10:03:31.220096,,,159.34,159.35,851,702,Glass
169,2023-03-16 10:03:32.170474,159.35,2,,,,,Deal
17557,2023-03-16 10:03:32.170474,,,159.34,159.35,851,700,Glass
17558,2023-03-16 10:03:33.283798,,,159.34,159.35,851,695,Glass
170,2023-03-16 10:03:33.283798,159.35,5,,,,,Deal
17559,2023-03-16 10:03:33.985500,,,159.34,159.35,854,694,Glass
171,2023-03-16 10:03:34.192587,159.35,30,,,,,Deal
17560,2023-03-16 10:03:35.659762,,,159.34,159.35,852,664,Glass
172,2023-03-16 10:03:35.659762,159.34,2,,,,,Deal
17561,2023-03-16 10:03:37.054993,,,159.34,159.35,852,663,Glass
173,2023-03-16 10:03:37.054993,159.35,1,,,,,Deal
174,2023-03-16 10:03:38.537792,159.35,3,,,,,Deal
17562,2023-03-16 10:03:38.537792,,,159.34,159.35,852,654,Glass
17563,2023-03-16 10:03:39.278685,,,159.34,159.35,730,654,Glass
175,2023-03-16 10:03:39.278685,159.34,122,,,,,Deal
17564,2023-03-16 10:03:40.243447,,,159.34,159.35,730,613,Glass
176,2023-03-16 10:03:40.243447,159.35,11,,,,,Deal
17565,2023-03-16 10:03:41.280236,,,159.34,159.35,533,312,Glass
177,2023-03-16 10:03:41.280236,159.34,95,,,,,Deal
17566,2023-03-16 10:03:41.876509,,,159.34,159.35,208,275,Glass
178,2023-03-16 10:03:41.876509,159.35,1,,,,,Deal
17567,2023-03-16 10:03:42.507033,,,159.34,159.35,208,272,Glass
179,2023-03-16 10:03:42.507033,159.35,1,,,,,Deal
17568,2023-03-16 10:03:43.340388,,,159.35,159.37,4,99,Glass
180,2023-03-16 10:03:43.504843,159.37,1,,,,,Deal
17569,2023-03-16 10:03:43.856363,,,159.34,159.37,208,68,Glass
181,2023-03-16 10:03:44.068145,159.35,2,,,,,Deal
17570,2023-03-16 10:03:44.467369,,,159.34,159.35,208,3,Glass
17571,2023-03-16 10:03:45.437802,,,159.34,159.37,208,68,Glass
182,2023-03-16 10:03:45.437802,159.35,3,,,,,Deal
183,2023-03-16 10:03:46.373640,159.35,2,,,,,Deal
17572,2023-03-16 10:03:46.373640,,,159.34,159.37,208,67,Glass
184,2023-03-16 10:03:47.636914,159.37,1,,,,,Deal
17573,2023-03-16 10:03:47.636914,,,159.34,159.37,150,65,Glass
185,2023-03-16 10:03:48.311999,159.37,1,,,,,Deal
17574,2023-03-16 10:03:48.311999,,,159.34,159.37,147,63,Glass
186,2023-03-16 10:03:49.190762,159.37,2,,,,,Deal
17575,2023-03-16 10:03:49.190762,,,159.34,159.37,147,61,Glass
187,2023-03-16 10:03:49.737551,159.34,26,,,,,Deal
17576,2023-03-16 10:03:49.737551,,,159.34,159.37,121,60,Glass
188,2023-03-16 10:03:50.933669,159.37,1,,,,,Deal
17577,2023-03-16 10:03:50.933669,,,159.34,159.37,109,29,Glass
189,2023-03-16 10:03:51.740322,159.34,3,,,,,Deal
17578,2023-03-16 10:03:51.740322,,,159.34,159.37,106,129,Glass
17579,2023-03-16 10:03:53.572856,,,159.35,159.37,50,28,Glass
190,2023-03-16 10:03:54.374399,159.35,50,,,,,Deal
17580,2023-03-16 10:03:54.374399,,,159.34,159.37,106,28,Glass
191,2023-03-16 10:03:55.268712,159.37,1,,,,,Deal
17581,2023-03-16 10:03:55.268712,,,159.35,159.37,300,17,Glass
192,2023-03-16 10:03:56.382314,159.35,100,,,,,Deal
17582,2023-03-16 10:03:56.382314,,,159.35,159.37,200,17,Glass
17583,2023-03-16 10:03:57.382306,,,159.35,159.37,240,17,Glass
193,2023-03-16 10:03:57.499168,159.37,2,,,,,Deal
194,2023-03-16 10:03:58.380325,159.37,60,,,,,Deal
17584,2023-03-16 10:03:58.380325,,,159.37,159.39,423,350,Glass
17585,2023-03-16 10:03:59.628203,,,159.37,159.39,823,349,Glass
195,2023-03-16 10:03:59.628203,159.37,1,,,,,Deal
17586,2023-03-16 10:04:00.382626,,,159.37,159.39,964,499,Glass
196,2023-03-16 10:04:00.743364,159.39,30,,,,,Deal
17587,2023-03-16 10:04:01.692794,,,159.37,159.39,902,468,Glass
197,2023-03-16 10:04:01.692794,159.37,59,,,,,Deal
198,2023-03-16 10:04:02.751315,159.37,6,,,,,Deal
17588,2023-03-16 10:04:02.751315,,,159.37,159.39,896,468,Glass
17589,2023-03-16 10:04:04.400136,,,159.37,159.39,894,288,Glass
199,2023-03-16 10:04:04.400136,159.39,30,,,,,Deal
200,2023-03-16 10:04:04.980437,159.39,2,,,,,Deal
17590,2023-03-16 10:04:04.980437,,,159.37,159.39,894,285,Glass
17591,2023-03-16 10:04:05.746467,,,159.37,159.39,894,273,Glass
201,2023-03-16 10:04:05.746467,159.39,10,,,,,Deal
17592,2023-03-16 10:04:06.438984,,,159.37,159.39,895,273,Glass
202,2023-03-16 10:04:06.559234,159.39,30,,,,,Deal
17593,2023-03-16 10:04:08.249551,,,159.38,159.39,48,150,Glass
203,2023-03-16 10:04:08.249551,159.38,2,,,,,Deal
17594,2023-03-16 10:04:11.409110,,,159.38,159.39,48,191,Glass
17595,2023-03-16 10:04:12.280378,,,159.38,159.39,28,441,Glass
204,2023-03-16 10:04:12.280378,159.38,20,,,,,Deal
17596,2023-03-16 10:04:13.319545,,,159.38,159.39,28,340,Glass
205,2023-03-16 10:04:13.319545,159.39,100,,,,,Deal
17597,2023-03-16 10:04:17.270293,,,159.38,159.39,28,310,Glass
206,2023-03-16 10:04:17.270293,159.39,30,,,,,Deal
17598,2023-03-16 10:04:19.000752,,,159.37,159.39,172,310,Glass
207,2023-03-16 10:04:19.000752,159.37,70,,,,,Deal
208,2023-03-16 10:04:20.243126,159.38,20,,,,,Deal
17599,2023-03-16 10:04:20.243126,,,159.37,159.39,103,208,Glass
17600,2023-03-16 10:04:22.271176,,,159.36,159.37,141,134,Glass
209,2023-03-16 10:04:22.377924,159.36,40,,,,,Deal
17601,2023-03-16 10:04:24.963180,,,159.36,159.37,101,100,Glass
210,2023-03-16 10:04:24.963180,159.37,34,,,,,Deal
17602,2023-03-16 10:04:25.787660,,,159.36,159.39,211,58,Glass
211,2023-03-16 10:04:25.787660,159.38,4,,,,,Deal
212,2023-03-16 10:04:26.600428,159.44,10,,,,,Deal
17603,2023-03-16 10:04:26.600428,,,159.44,159.49,90,242,Glass
17604,2023-03-16 10:04:27.243977,,,159.42,159.49,376,154,Glass
213,2023-03-16 10:04:27.276435,159.42,180,,,,,Deal
214,2023-03-16 10:04:28.651091,159.42,70,,,,,Deal
17605,2023-03-16 10:04:28.651091,,,159.42,159.49,126,154,Glass
17606,2023-03-16 10:04:31.371999,,,159.42,159.49,125,153,Glass
215,2023-03-16 10:04:31.371999,159.49,1,,,,,Deal
17607,2023-03-16 10:04:33.103749,,,159.42,159.51,5,573,Glass
17608,2023-03-16 10:04:34.208416,,,159.42,159.51,6,573,Glass
17609,2023-03-16 10:04:34.771038,,,159.42,159.51,6,250,Glass
216,2023-03-16 10:04:34.771038,159.51,1,,,,,Deal
17610,2023-03-16 10:04:35.966641,,,159.42,159.51,23,50,Glass
217,2023-03-16 10:04:35.966641,159.51,200,,,,,Deal
17611,2023-03-16 10:04:36.515242,,,159.42,159.51,43,50,Glass
17612,2023-03-16 10:04:37.256665,,,159.44,159.51,3,50,Glass
17613,2023-03-16 10:04:38.264510,,,159.45,159.55,27,5,Glass
17614,2023-03-16 10:04:38.795436,,,159.46,159.55,50,5,Glass
17615,2023-03-16 10:04:39.338414,,,159.51,159.55,5,4,Glass
218,2023-03-16 10:04:39.338414,159.55,1,,,,,Deal
17616,2023-03-16 10:04:40.930516,,,159.46,159.55,246,4,Glass
219,2023-03-16 10:04:42.311323,159.55,4,,,,,Deal
17617,2023-03-16 10:04:42.311323,,,159.52,159.59,106,50,Glass
17618,2023-03-16 10:04:42.840563,,,159.56,159.6,3,191,Glass
17619,2023-03-16 10:04:44.626822,,,159.56,159.57,3,26,Glass
17620,2023-03-16 10:04:45.695109,,,159.55,159.57,106,26,Glass
17621,2023-03-16 10:04:46.202499,,,159.56,159.57,3,26,Glass
220,2023-03-16 10:04:48.059674,159.57,5,,,,,Deal
17622,2023-03-16 10:04:48.059674,,,159.56,159.57,3,21,Glass
221,2023-03-16 10:04:48.728961,159.56,3,,,,,Deal
17623,2023-03-16 10:04:48.728961,,,159.55,159.57,106,21,Glass
17624,2023-03-16 10:04:49.512630,,,159.55,159.57,106,51,Glass
17625,2023-03-16 10:04:50.162025,,,159.55,159.57,125,51,Glass
222,2023-03-16 10:04:50.162025,159.55,1,,,,,Deal
17626,2023-03-16 10:04:51.961556,,,159.55,159.57,120,51,Glass
223,2023-03-16 10:04:51.961556,159.55,5,,,,,Deal
17627,2023-03-16 10:04:54.310300,,,159.55,159.57,105,41,Glass
224,2023-03-16 10:04:54.310300,159.57,10,,,,,Deal
17628,2023-03-16 10:04:57.016115,,,159.55,159.57,46,41,Glass
225,2023-03-16 10:04:57.016115,159.55,29,,,,,Deal
17629,2023-03-16 10:04:59.111247,,,159.55,159.57,21,91,Glass
226,2023-03-16 10:04:59.111247,159.55,25,,,,,Deal
17630,2023-03-16 10:04:59.646208,,,159.55,159.57,21,61,Glass
227,2023-03-16 10:04:59.646208,159.57,30,,,,,Deal
17631,2023-03-16 10:05:01.720799,,,159.56,159.57,122,65,Glass
17632,2023-03-16 10:05:02.347964,,,159.56,159.57,122,34,Glass
228,2023-03-16 10:05:03.019211,159.57,1,,,,,Deal
17633,2023-03-16 10:05:03.019211,,,159.56,159.57,122,33,Glass
17634,2023-03-16 10:05:03.668724,,,159.56,159.57,122,90,Glass
229,2023-03-16 10:05:03.921584,159.57,2,,,,,Deal
17635,2023-03-16 10:05:04.315417,,,159.55,159.57,21,80,Glass
230,2023-03-16 10:05:04.434301,159.58,1,,,,,Deal
17636,2023-03-16 10:05:04.844058,,,159.54,159.55,50,237,Glass
17637,2023-03-16 10:05:08.384354,,,159.54,159.55,270,138,Glass
231,2023-03-16 10:05:08.457868,159.55,3,,,,,Deal
17638,2023-03-16 10:05:09.864996,,,159.54,159.55,270,166,Glass
17639,2023-03-16 10:05:10.728539,,,159.54,159.55,270,136,Glass
232,2023-03-16 10:05:10.728539,159.55,30,,,,,Deal
233,2023-03-16 10:05:11.716947,159.54,4,,,,,Deal
17640,2023-03-16 10:05:11.716947,,,159.54,159.55,266,136,Glass
234,2023-03-16 10:05:13.239858,159.55,1,,,,,Deal
17641,2023-03-16 10:05:13.239858,,,159.54,159.55,261,135,Glass
235,2023-03-16 10:05:13.761583,159.55,5,,,,,Deal
17642,2023-03-16 10:05:13.761583,,,159.54,159.55,261,130,Glass
236,2023-03-16 10:05:15.392080,159.55,3,,,,,Deal
17643,2023-03-16 10:05:15.392080,,,159.54,159.55,261,120,Glass
17644,2023-03-16 10:05:19.947516,,,159.54,159.55,261,70,Glass
237,2023-03-16 10:05:19.947516,159.55,50,,,,,Deal
238,2023-03-16 10:05:23.750244,159.55,38,,,,,Deal
17645,2023-03-16 10:05:23.750244,,,159.54,159.55,261,32,Glass
17646,2023-03-16 10:05:24.976694,,,159.57,159.58,262,8,Glass
239,2023-03-16 10:05:25.970741,159.58,1,,,,,Deal
17647,2023-03-16 10:05:25.970741,,,159.57,159.58,262,7,Glass
240,2023-03-16 10:05:31.991110,159.58,5,,,,,Deal
17648,2023-03-16 10:05:31.991110,,,159.57,159.58,262,2,Glass
17649,2023-03-16 10:05:33.353881,,,159.6,159.63,338,35,Glass
241,2023-03-16 10:05:33.607626,159.62,2,,,,,Deal
242,2023-03-16 10:05:34.454069,159.63,10,,,,,Deal
17650,2023-03-16 10:05:34.454069,,,159.62,159.63,259,25,Glass
17651,2023-03-16 10:05:35.993645,,,159.62,159.63,211,20,Glass
243,2023-03-16 10:05:35.993645,159.63,5,,,,,Deal
244,2023-03-16 10:05:36.990446,159.62,29,,,,,Deal
17652,2023-03-16 10:05:36.990446,,,159.62,159.63,181,20,Glass
245,2023-03-16 10:05:38.184728,159.62,2,,,,,Deal
17653,2023-03-16 10:05:38.184728,,,159.62,159.63,178,20,Glass
17654,2023-03-16 10:05:39.657429,,,159.62,159.63,228,15,Glass
246,2023-03-16 10:05:39.722897,159.63,15,,,,,Deal
17655,2023-03-16 10:05:41.209443,,,159.63,159.64,75,8,Glass
247,2023-03-16 10:05:41.209443,159.64,1,,,,,Deal
17656,2023-03-16 10:05:42.348650,,,159.63,159.65,81,30,Glass
248,2023-03-16 10:05:42.348650,159.64,8,,,,,Deal
249,2023-03-16 10:05:49.018059,159.67,10,,,,,Deal
17657,2023-03-16 10:05:49.018059,,,159.67,159.68,161,18,Glass
17658,2023-03-16 10:05:49.642648,,,159.67,159.68,158,18,Glass
250,2023-03-16 10:05:49.642648,159.67,3,,,,,Deal
251,2023-03-16 10:05:51.075943,159.67,1,,,,,Deal
17659,2023-03-16 10:05:51.075943,,,159.67,159.68,157,18,Glass
252,2023-03-16 10:05:54.366362,159.68,18,,,,,Deal
17660,2023-03-16 10:05:54.366362,,,159.67,159.69,157,10,Glass
17661,2023-03-16 10:05:55.948466,,,159.7,159.71,117,99,Glass
17662,2023-03-16 10:05:57.167556,,,159.7,159.71,117,249,Glass
253,2023-03-16 10:05:57.643762,159.71,99,,,,,Deal
17663,2023-03-16 10:05:57.746272,,,159.7,159.72,117,230,Glass
254,2023-03-16 10:05:59.119483,159.7,5,,,,,Deal
17664,2023-03-16 10:05:59.119483,,,159.7,159.72,112,230,Glass
255,2023-03-16 10:05:59.903344,159.7,5,,,,,Deal
17665,2023-03-16 10:05:59.903344,,,159.7,159.72,107,230,Glass
17666,2023-03-16 10:06:00.763496,,,159.7,159.71,107,100,Glass
256,2023-03-16 10:06:02.460820,159.7,6,,,,,Deal
17667,2023-03-16 10:06:02.460820,,,159.7,159.71,101,100,Glass
257,2023-03-16 10:06:03.387673,159.7,3,,,,,Deal
17668,2023-03-16 10:06:03.387673,,,159.7,159.71,74,100,Glass
258,2023-03-16 10:06:03.900439,159.7,51,,,,,Deal
17669,2023-03-16 10:06:03.900439,,,159.7,159.72,31,330,Glass
259,2023-03-16 10:06:04.853514,159.7,1,,,,,Deal
17670,2023-03-16 10:06:04.853514,,,159.7,159.72,30,329,Glass
260,2023-03-16 10:06:06.233761,159.72,1,,,,,Deal
17671,2023-03-16 10:06:06.233761,,,159.7,159.72,30,278,Glass
261,2023-03-16 10:06:06.866345,159.72,1,,,,,Deal
17672,2023-03-16 10:06:06.866345,,,159.7,159.72,30,277,Glass
17673,2023-03-16 10:06:09.774072,,,159.7,159.72,30,176,Glass
17674,2023-03-16 10:06:11.239111,,,159.7,159.71,30,6,Glass
262,2023-03-16 10:06:11.394287,159.71,5,,,,,Deal
17675,2023-03-16 10:06:11.870975,,,159.7,159.75,30,5,Glass
263,2023-03-16 10:06:12.493352,159.76,1,,,,,Deal
17676,2023-03-16 10:06:12.493352,,,159.76,159.78,20,140,Glass
17677,2023-03-16 10:06:13.228064,,,159.77,159.78,50,140,Glass
17678,2023-03-16 10:06:15.343524,,,159.77,159.78,50,134,Glass
264,2023-03-16 10:06:15.343524,159.78,6,,,,,Deal
265,2023-03-16 10:06:16.498701,159.78,75,,,,,Deal
17679,2023-03-16 10:06:16.498701,,,159.77,159.78,50,59,Glass
17680,2023-03-16 10:06:17.327047,,,159.78,159.79,13,47,Glass
266,2023-03-16 10:06:17.327047,159.78,7,,,,,Deal
17681,2023-03-16 10:06:19.625214,,,159.78,159.79,13,37,Glass
267,2023-03-16 10:06:19.625214,159.79,10,,,,,Deal
17682,2023-03-16 10:06:20.453379,,,159.81,159.82,13,328,Glass
268,2023-03-16 10:06:20.457948,159.81,2,,,,,Deal
17683,2023-03-16 10:06:21.187751,,,159.81,159.82,11,228,Glass
269,2023-03-16 10:06:21.187751,159.82,50,,,,,Deal
270,2023-03-16 10:06:22.541270,159.81,11,,,,,Deal
17684,2023-03-16 10:06:22.541270,,,159.81,159.82,1,228,Glass
17685,2023-03-16 10:06:23.602678,,,159.8,159.82,799,123,Glass
271,2023-03-16 10:06:23.602678,159.82,106,,,,,Deal
17686,2023-03-16 10:06:25.703766,,,159.8,159.82,799,23,Glass
272,2023-03-16 10:06:26.066850,159.82,1,,,,,Deal
273,2023-03-16 10:06:28.691646,159.8,1,,,,,Deal
17687,2023-03-16 10:06:28.691646,,,159.8,159.82,798,22,Glass
274,2023-03-16 10:06:30.216563,159.82,21,,,,,Deal
17688,2023-03-16 10:06:30.216563,,,159.8,159.82,798,1,Glass
275,2023-03-16 10:06:30.757219,159.84,6,,,,,Deal
17689,2023-03-16 10:06:30.757219,,,159.82,159.84,78,134,Glass
17690,2023-03-16 10:06:31.756178,,,159.83,159.84,10,134,Glass
276,2023-03-16 10:06:31.756178,159.83,10,,,,,Deal
17691,2023-03-16 10:06:32.592522,,,159.82,159.84,48,134,Glass
17692,2023-03-16 10:06:33.839896,,,159.83,159.84,3,134,Glass
17693,2023-03-16 10:06:35.008126,,,159.83,159.84,3,135,Glass
277,2023-03-16 10:06:35.218964,159.83,3,,,,,Deal
17694,2023-03-16 10:06:35.704393,,,159.82,159.84,25,101,Glass
17695,2023-03-16 10:06:36.665341,,,159.82,159.84,25,100,Glass
278,2023-03-16 10:06:36.665341,159.84,1,,,,,Deal
279,2023-03-16 10:06:39.109298,159.82,10,,,,,Deal
17696,2023-03-16 10:06:39.109298,,,159.82,159.85,15,509,Glass
280,2023-03-16 10:06:39.752550,159.82,15,,,,,Deal
17697,2023-03-16 10:06:39.752550,,,159.8,159.85,2182,409,Glass
17698,2023-03-16 10:06:40.532135,,,159.84,159.85,1,409,Glass
281,2023-03-16 10:06:40.892859,159.84,1,,,,,Deal
17699,2023-03-16 10:06:41.122764,,,159.8,159.85,2172,409,Glass
282,2023-03-16 10:06:41.497088,159.8,80,,,,,Deal
17700,2023-03-16 10:06:42.245398,,,159.8,159.85,2102,379,Glass
283,2023-03-16 10:06:42.722336,159.8,1,,,,,Deal
17701,2023-03-16 10:06:43.170317,,,159.8,159.85,2100,379,Glass
17702,2023-03-16 10:06:43.695540,,,159.8,159.83,2100,1,Glass
17703,2023-03-16 10:06:44.269806,,,159.8,159.83,1877,1,Glass
284,2023-03-16 10:06:44.269806,159.8,1,,,,,Deal
17704,2023-03-16 10:06:45.880592,,,159.8,159.85,1878,378,Glass
285,2023-03-16 10:06:46.142747,159.8,1,,,,,Deal
17705,2023-03-16 10:06:46.994492,,,159.82,159.85,10,378,Glass
286,2023-03-16 10:06:47.216594,159.82,1,,,,,Deal
287,2023-03-16 10:06:47.794437,159.82,9,,,,,Deal
17706,2023-03-16 10:06:47.794437,,,159.8,159.85,2099,378,Glass
288,2023-03-16 10:06:48.492755,159.85,1,,,,,Deal
17707,2023-03-16 10:06:48.492755,,,159.8,159.85,1887,377,Glass
17708,2023-03-16 10:06:49.036288,,,159.8,159.85,1886,512,Glass
289,2023-03-16 10:06:49.036288,159.8,1,,,,,Deal
290,2023-03-16 10:06:49.773611,159.8,1,,,,,Deal
17709,2023-03-16 10:06:49.773611,,,159.8,159.85,1825,502,Glass
291,2023-03-16 10:06:50.412182,159.8,1,,,,,Deal
17710,2023-03-16 10:06:50.412182,,,159.8,159.85,1824,496,Glass
17711,2023-03-16 10:06:50.961364,,,159.8,159.85,1824,499,Glass
292,2023-03-16 10:06:50.986094,159.8,861,,,,,Deal
293,2023-03-16 10:06:52.512952,159.8,1,,,,,Deal
17712,2023-03-16 10:06:52.512952,,,159.8,159.86,1061,1871,Glass
294,2023-03-16 10:06:53.500862,159.8,1,,,,,Deal
17713,2023-03-16 10:06:53.500862,,,159.8,159.86,1160,1851,Glass
295,2023-03-16 10:06:54.092330,159.8,1,,,,,Deal
17714,2023-03-16 10:06:54.092330,,,159.8,159.86,1159,1851,Glass
17715,2023-03-16 10:06:54.838764,,,159.81,159.86,1,1836,Glass
17716,2023-03-16 10:06:56.637121,,,159.81,159.86,1,1682,Glass
296,2023-03-16 10:06:56.637121,159.86,3,,,,,Deal
297,2023-03-16 10:06:58.007928,159.86,15,,,,,Deal
17717,2023-03-16 10:06:58.007928,,,159.81,159.86,1,1667,Glass
17718,2023-03-16 10:06:59.099449,,,159.81,159.86,1,1665,Glass
298,2023-03-16 10:06:59.710829,159.81,1,,,,,Deal
17719,2023-03-16 10:06:59.710829,,,159.8,159.86,968,1665,Glass
17720,2023-03-16 10:07:00.260607,,,159.8,159.86,968,1508,Glass
299,2023-03-16 10:07:00.260607,159.86,156,,,,,Deal
300,2023-03-16 10:07:00.770909,159.84,1,,,,,Deal
17721,2023-03-16 10:07:00.770909,,,159.8,159.86,1074,1658,Glass
301,2023-03-16 10:07:01.315086,159.8,2,,,,,Deal
17722,2023-03-16 10:07:01.315086,,,159.8,159.84,1072,1,Glass
17723,2023-03-16 10:07:01.816135,,,159.8,159.85,1072,1,Glass
302,2023-03-16 10:07:01.816135,159.84,1,,,,,Deal
17724,2023-03-16 10:07:02.378118,,,159.84,159.86,613,1184,Glass
303,2023-03-16 10:07:02.450552,159.86,38,,,,,Deal
17725,2023-03-16 10:07:03.028115,,,159.85,159.86,500,1107,Glass
304,2023-03-16 10:07:03.028115,159.86,39,,,,,Deal
17726,2023-03-16 10:07:03.684085,,,159.84,159.86,5,922,Glass
305,2023-03-16 10:07:03.869165,159.86,39,,,,,Deal
17727,2023-03-16 10:07:04.187501,,,159.86,159.91,722,18,Glass
306,2023-03-16 10:07:04.561254,159.91,5,,,,,Deal
307,2023-03-16 10:07:05.606542,159.91,3,,,,,Deal
17728,2023-03-16 10:07:05.606542,,,159.88,159.91,30,10,Glass
308,2023-03-16 10:07:06.702217,159.92,287,,,,,Deal
17729,2023-03-16 10:07:06.702217,,,159.91,159.92,10,20,Glass
17730,2023-03-16 10:07:07.446720,,,159.92,159.93,19,4,Glass
309,2023-03-16 10:07:07.446720,159.93,18,,,,,Deal
17731,2023-03-16 10:07:08.274320,,,159.92,159.94,29,103,Glass
310,2023-03-16 10:07:08.411529,159.94,3,,,,,Deal
311,2023-03-16 10:07:10.217822,159.94,1,,,,,Deal
17732,2023-03-16 10:07:10.217822,,,159.92,159.94,29,58,Glass
17733,2023-03-16 10:07:11.760101,,,159.92,159.94,59,58,Glass
312,2023-03-16 10:07:11.854949,159.94,2,,,,,Deal
17734,2023-03-16 10:07:12.495876,,,159.92,159.94,100,56,Glass
313,2023-03-16 10:07:12.772598,159.92,9,,,,,Deal
17735,2023-03-16 10:07:13.092438,,,159.91,159.94,498,56,Glass
17736,2023-03-16 10:07:14.520297,,,159.91,159.92,498,75,Glass
314,2023-03-16 10:07:14.823406,159.89,1,,,,,Deal
17737,2023-03-16 10:07:15.049178,,,159.88,159.91,30,57,Glass
315,2023-03-16 10:07:15.963348,159.91,3,,,,,Deal
17738,2023-03-16 10:07:15.963348,,,159.88,159.91,30,54,Glass
316,2023-03-16 10:07:16.756871,159.91,10,,,,,Deal
17739,2023-03-16 10:07:16.756871,,,159.88,159.91,30,44,Glass
17740,2023-03-16 10:07:17.322613,,,159.88,159.89,30,75,Glass
317,2023-03-16 10:07:18.355449,159.88,30,,,,,Deal
17741,2023-03-16 10:07:18.355449,,,159.87,159.89,55,75,Glass
17742,2023-03-16 10:07:18.894904,,,159.87,159.88,85,40,Glass
318,2023-03-16 10:07:19.216905,159.88,7,,,,,Deal
319,2023-03-16 10:07:22.059153,159.88,33,,,,,Deal
17743,2023-03-16 10:07:22.059153,,,159.87,159.89,85,75,Glass
320,2023-03-16 10:07:23.208047,159.89,5,,,,,Deal
17744,2023-03-16 10:07:23.208047,,,159.87,159.89,85,39,Glass
17745,2023-03-16 10:07:23.877906,,,159.89,159.9,6,79,Glass
17746,2023-03-16 10:07:25.437024,,,159.91,159.93,540,400,Glass
321,2023-03-16 10:07:25.449284,159.93,2,,,,,Deal
17747,2023-03-16 10:07:27.713244,,,159.91,159.93,240,392,Glass
322,2023-03-16 10:07:27.713244,159.93,1,,,,,Deal
17748,2023-03-16 10:07:28.502088,,,159.91,159.93,240,390,Glass
323,2023-03-16 10:07:28.502088,159.93,2,,,,,Deal
17749,2023-03-16 10:07:29.629232,,,159.91,159.94,240,1056,Glass
324,2023-03-16 10:07:29.629232,159.93,385,,,,,Deal
17750,2023-03-16 10:07:30.807001,,,159.92,159.93,640,200,Glass
17751,2023-03-16 10:07:31.814479,,,159.92,159.93,640,202,Glass
17752,2023-03-16 10:07:35.096854,,,159.92,159.93,638,202,Glass
325,2023-03-16 10:07:35.096854,159.92,2,,,,,Deal
17753,2023-03-16 10:07:36.122299,,,159.91,159.92,101,1,Glass
17754,2023-03-16 10:07:36.703180,,,159.91,159.92,102,83,Glass
326,2023-03-16 10:07:36.936372,159.92,1,,,,,Deal
17755,2023-03-16 10:07:37.423168,,,159.91,159.92,102,278,Glass
327,2023-03-16 10:07:37.616028,159.91,100,,,,,Deal
17756,2023-03-16 10:07:38.882568,,,159.9,159.91,243,2,Glass
328,2023-03-16 10:07:39.048610,159.91,2,,,,,Deal
17757,2023-03-16 10:07:41.746942,,,159.9,159.92,143,320,Glass
17758,2023-03-16 10:07:42.311628,,,159.9,159.92,143,319,Glass
329,2023-03-16 10:07:42.311628,159.92,1,,,,,Deal
17759,2023-03-16 10:07:44.819244,,,159.9,159.92,443,319,Glass
330,2023-03-16 10:07:45.420758,159.92,59,,,,,Deal
17760,2023-03-16 10:07:45.420758,,,159.9,159.92,443,260,Glass
17761,2023-03-16 10:07:46.255749,,,159.91,159.92,30,219,Glass
331,2023-03-16 10:07:49.650199,159.91,1,,,,,Deal
17762,2023-03-16 10:07:49.650199,,,159.91,159.92,29,219,Glass
332,2023-03-16 10:07:51.329446,159.92,30,,,,,Deal
17763,2023-03-16 10:07:51.329446,,,159.91,159.92,29,184,Glass
17764,2023-03-16 10:07:52.244613,,,159.91,159.92,79,70,Glass
333,2023-03-16 10:07:52.244613,159.92,103,,,,,Deal
17765,2023-03-16 10:07:54.322004,,,159.92,159.93,127,546,Glass
334,2023-03-16 10:07:54.322004,159.93,155,,,,,Deal
17766,2023-03-16 10:07:54.910525,,,159.92,159.93,126,1546,Glass
335,2023-03-16 10:07:54.977320,159.92,1,,,,,Deal
17767,2023-03-16 10:07:55.606936,,,159.92,159.93,124,1546,Glass
336,2023-03-16 10:07:55.606936,159.92,1,,,,,Deal
337,2023-03-16 10:07:56.825544,159.92,1,,,,,Deal
17768,2023-03-16 10:07:56.825544,,,159.92,159.93,123,1516,Glass
17769,2023-03-16 10:07:57.776820,,,159.92,159.93,133,1516,Glass
338,2023-03-16 10:07:57.893726,159.92,1,,,,,Deal
339,2023-03-16 10:07:59.017845,159.92,1,,,,,Deal
17770,2023-03-16 10:07:59.017845,,,159.92,159.93,131,1516,Glass
17771,2023-03-16 10:07:59.870633,,,159.92,159.93,131,1516,Glass
17772,2023-03-16 10:08:00.688077,,,159.92,159.93,171,1516,Glass
340,2023-03-16 10:08:00.780038,159.92,1,,,,,Deal
341,2023-03-16 10:08:01.771681,159.92,1,,,,,Deal
17773,2023-03-16 10:08:01.771681,,,159.92,159.93,169,1516,Glass
17774,2023-03-16 10:08:02.787661,,,159.92,159.93,130,1516,Glass
342,2023-03-16 10:08:02.787661,159.92,88,,,,,Deal
343,2023-03-16 10:08:03.705743,159.92,1,,,,,Deal
17775,2023-03-16 10:08:03.705743,,,159.92,159.93,116,1516,Glass
17776,2023-03-16 10:08:05.033013,,,159.92,159.93,115,1517,Glass
344,2023-03-16 10:08:05.269449,159.92,1,,,,,Deal
17777,2023-03-16 10:08:05.666961,,,159.92,159.93,124,1518,Glass
17778,2023-03-16 10:08:06.511496,,,159.92,159.93,264,1517,Glass
345,2023-03-16 10:08:06.511496,159.93,1,,,,,Deal
17779,2023-03-16 10:08:08.691722,,,159.92,159.93,275,1517,Glass
17780,2023-03-16 10:08:09.520988,,,159.92,159.93,275,1515,Glass
346,2023-03-16 10:08:09.520988,159.93,2,,,,,Deal
17781,2023-03-16 10:08:10.318935,,,159.92,159.93,9,1515,Glass
347,2023-03-16 10:08:10.318935,159.92,3,,,,,Deal
17782,2023-03-16 10:08:10.930481,,,159.92,159.93,2,1515,Glass
348,2023-03-16 10:08:10.930481,159.92,7,,,,,Deal
349,2023-03-16 10:08:11.926525,159.88,1,,,,,Deal
17783,2023-03-16 10:08:11.926525,,,159.88,159.9,34,256,Glass
17784,2023-03-16 10:08:13.183202,,,159.88,159.9,34,254,Glass
350,2023-03-16 10:08:13.183202,159.9,1,,,,,Deal
351,2023-03-16 10:08:13.686624,159.88,1,,,,,Deal
17785,2023-03-16 10:08:13.686624,,,159.88,159.9,33,254,Glass
17786,2023-03-16 10:08:15.227224,,,159.88,159.9,33,255,Glass
17787,2023-03-16 10:08:17.225988,,,159.88,159.9,33,235,Glass
352,2023-03-16 10:08:17.225988,159.9,20,,,,,Deal
17788,2023-03-16 10:08:18.818932,,,159.88,159.9,31,235,Glass
353,2023-03-16 10:08:18.818932,159.88,2,,,,,Deal
17789,2023-03-16 10:08:21.335315,,,159.88,159.89,31,1,Glass
17790,2023-03-16 10:08:23.131353,,,159.88,159.9,31,335,Glass
354,2023-03-16 10:08:23.131353,159.89,1,,,,,Deal
17791,2023-03-16 10:08:25.163183,,,159.88,159.9,31,325,Glass
355,2023-03-16 10:08:25.262328,159.9,3,,,,,Deal
356,2023-03-16 10:08:26.251262,159.9,1,,,,,Deal
17792,2023-03-16 10:08:26.251262,,,159.88,159.9,31,321,Glass
357,2023-03-16 10:08:26.770899,159.89,3,,,,,Deal
17793,2023-03-16 10:08:26.770899,,,159.89,159.9,137,321,Glass
358,2023-03-16 10:08:27.646099,159.9,205,,,,,Deal
17794,2023-03-16 10:08:27.646099,,,159.89,159.9,137,111,Glass
359,2023-03-16 10:08:29.318471,159.91,1,,,,,Deal
17795,2023-03-16 10:08:29.318471,,,159.9,159.91,1378,9,Glass
17796,2023-03-16 10:08:33.419745,,,159.9,159.91,1355,9,Glass
17797,2023-03-16 10:08:35.576310,,,159.9,159.91,1355,10,Glass
17798,2023-03-16 10:08:36.222896,,,159.9,159.91,1355,110,Glass
17799,2023-03-16 10:08:38.073919,,,159.9,159.91,1350,110,Glass
360,2023-03-16 10:08:38.073919,159.9,5,,,,,Deal
361,2023-03-16 10:08:39.665856,159.9,1,,,,,Deal
17800,2023-03-16 10:08:39.665856,,,159.9,159.91,1349,110,Glass
362,2023-03-16 10:08:40.196726,159.91,10,,,,,Deal
17801,2023-03-16 10:08:40.196726,,,159.9,159.91,1349,90,Glass
17802,2023-03-16 10:08:40.836235,,,159.9,159.91,1208,90,Glass
363,2023-03-16 10:08:41.710321,159.91,1,,,,,Deal
17803,2023-03-16 10:08:41.710321,,,159.9,159.91,1208,89,Glass
17804,2023-03-16 10:08:42.230079,,,159.9,159.91,1208,88,Glass
364,2023-03-16 10:08:42.230079,159.91,1,,,,,Deal
17805,2023-03-16 10:08:43.363655,,,159.9,159.91,1208,87,Glass
365,2023-03-16 10:08:43.363655,159.91,1,,,,,Deal
17806,2023-03-16 10:08:44.064070,,,159.9,159.91,209,69,Glass
17807,2023-03-16 10:08:45.658153,,,159.9,159.91,159,69,Glass
366,2023-03-16 10:08:45.658153,159.9,50,,,,,Deal
17808,2023-03-16 10:08:47.149709,,,159.9,159.91,299,69,Glass
17809,2023-03-16 10:08:48.816039,,,159.9,159.91,300,69,Glass
17810,2023-03-16 10:08:49.573010,,,159.9,159.91,300,59,Glass
367,2023-03-16 10:08:49.573010,159.91,10,,,,,Deal
17811,2023-03-16 10:08:50.108044,,,159.9,159.91,298,58,Glass
368,2023-03-16 10:08:50.108044,159.91,1,,,,,Deal
17812,2023-03-16 10:08:50.943708,,,159.9,159.92,298,110,Glass
369,2023-03-16 10:08:50.943708,159.91,57,,,,,Deal
17813,2023-03-16 10:08:52.748657,,,159.91,159.92,140,2087,Glass
17814,2023-03-16 10:08:53.653902,,,159.91,159.92,149,2087,Glass
17815,2023-03-16 10:08:54.931202,,,159.91,159.92,150,2087,Glass
17816,2023-03-16 10:08:56.167368,,,159.91,159.92,150,2086,Glass
370,2023-03-16 10:08:56.167368,159.92,1,,,,,Deal
371,2023-03-16 10:09:00.212826,159.92,10,,,,,Deal
17817,2023-03-16 10:09:00.212826,,,159.91,159.92,150,2076,Glass
372,2023-03-16 10:09:01.567942,159.92,25,,,,,Deal
17818,2023-03-16 10:09:01.567942,,,159.91,159.92,210,2001,Glass
373,2023-03-16 10:09:03.026509,159.91,140,,,,,Deal
17819,2023-03-16 10:09:03.026509,,,159.91,159.92,70,1926,Glass
374,2023-03-16 10:09:03.838630,159.91,10,,,,,Deal
17820,2023-03-16 10:09:03.838630,,,159.9,159.91,168,746,Glass
375,2023-03-16 10:09:05.286845,159.91,5,,,,,Deal
17821,2023-03-16 10:09:05.286845,,,159.9,159.91,168,741,Glass
376,2023-03-16 10:09:06.152154,159.91,2,,,,,Deal
17822,2023-03-16 10:09:06.152154,,,159.9,159.91,168,739,Glass
377,2023-03-16 10:09:07.062832,159.91,20,,,,,Deal
17823,2023-03-16 10:09:07.062854,,,159.9,159.91,148,708,Glass
378,2023-03-16 10:09:07.607013,159.91,1,,,,,Deal
17824,2023-03-16 10:09:07.607013,,,159.9,159.91,148,707,Glass
379,2023-03-16 10:09:10.470030,159.91,40,,,,,Deal
17825,2023-03-16 10:09:10.470030,,,159.9,159.91,148,667,Glass
17826,2023-03-16 10:09:12.147491,,,159.9,159.91,24,606,Glass
380,2023-03-16 10:09:12.147491,159.91,1,,,,,Deal
17827,2023-03-16 10:09:12.647581,,,159.84,159.91,1030,606,Glass
381,2023-03-16 10:09:12.831260,159.91,1,,,,,Deal
17828,2023-03-16 10:09:13.322188,,,159.86,159.9,950,50,Glass
382,2023-03-16 10:09:13.428400,159.9,19,,,,,Deal
17829,2023-03-16 10:09:13.877833,,,159.86,159.9,950,110,Glass
383,2023-03-16 10:09:14.526933,159.9,5,,,,,Deal
17830,2023-03-16 10:09:14.526933,,,159.86,159.9,950,105,Glass
384,2023-03-16 10:09:15.198420,159.9,25,,,,,Deal
17831,2023-03-16 10:09:15.198420,,,159.86,159.9,950,80,Glass
17832,2023-03-16 10:09:17.081002,,,159.9,159.91,1,410,Glass
385,2023-03-16 10:09:17.443980,159.9,1,,,,,Deal
386,2023-03-16 10:09:18.011223,159.91,20,,,,,Deal
17833,2023-03-16 10:09:18.011223,,,159.86,159.91,1000,390,Glass
17834,2023-03-16 10:09:18.754002,,,159.86,159.91,1000,440,Glass
17835,2023-03-16 10:09:22.257275,,,159.86,159.91,1000,439,Glass
387,2023-03-16 10:09:22.257275,159.91,1,,,,,Deal
17836,2023-03-16 10:09:23.241442,,,159.86,159.91,990,439,Glass
388,2023-03-16 10:09:23.241442,159.86,10,,,,,Deal
17837,2023-03-16 10:09:24.625744,,,159.86,159.9,990,8,Glass
389,2023-03-16 10:09:24.625744,159.9,2,,,,,Deal
17838,2023-03-16 10:09:26.073818,,,159.88,159.9,65,8,Glass
390,2023-03-16 10:09:26.320695,159.91,10,,,,,Deal
391,2023-03-16 10:09:28.044802,159.91,5,,,,,Deal
17839,2023-03-16 10:09:28.044802,,,159.88,159.91,65,479,Glass
17840,2023-03-16 10:09:29.694467,,,159.88,159.9,65,290,Glass
392,2023-03-16 10:09:29.694467,159.9,10,,,,,Deal
17841,2023-03-16 10:09:30.766610,,,159.88,159.9,65,491,Glass
393,2023-03-16 10:09:30.767628,159.88,65,,,,,Deal
17842,2023-03-16 10:09:33.024236,,,159.85,159.89,140,1,Glass
17843,2023-03-16 10:09:33.684560,,,159.87,159.9,300,478,Glass
394,2023-03-16 10:09:34.545096,159.89,1,,,,,Deal
17844,2023-03-16 10:09:34.545096,,,159.87,159.9,300,1678,Glass
17845,2023-03-16 10:09:35.116136,,,159.87,159.9,300,1628,Glass
395,2023-03-16 10:09:35.116136,159.9,1,,,,,Deal
17846,2023-03-16 10:09:36.193970,,,159.87,159.89,300,5,Glass
396,2023-03-16 10:09:36.709542,159.87,74,,,,,Deal
17847,2023-03-16 10:09:36.709542,,,159.87,159.89,226,5,Glass
397,2023-03-16 10:09:37.369650,159.89,4,,,,,Deal
17848,2023-03-16 10:09:37.369650,,,159.86,159.9,500,1728,Glass
17849,2023-03-16 10:09:38.237098,,,159.86,159.89,500,136,Glass
17850,2023-03-16 10:09:41.694538,,,159.86,159.89,500,156,Glass
17851,2023-03-16 10:09:44.918336,,,159.86,159.89,500,154,Glass
398,2023-03-16 10:09:44.918336,159.89,2,,,,,Deal
17852,2023-03-16 10:09:45.621543,,,159.86,159.89,500,153,Glass
399,2023-03-16 10:09:45.621543,159.89,1,,,,,Deal
17853,2023-03-16 10:09:47.256803,,,159.93,159.94,495,62,Glass
400,2023-03-16 10:09:47.256803,159.93,5,,,,,Deal
17854,2023-03-16 10:09:49.595375,,,159.92,159.94,200,62,Glass
401,2023-03-16 10:09:49.720399,159.94,350,,,,,Deal
17855,2023-03-16 10:09:50.346373,,,159.93,159.94,713,100,Glass
402,2023-03-16 10:09:50.346373,159.93,1,,,,,Deal
17856,2023-03-16 10:09:51.264014,,,159.93,159.94,712,99,Glass
403,2023-03-16 10:09:51.264014,159.94,1,,,,,Deal
404,2023-03-16 10:09:54.041858,159.93,2,,,,,Deal
17857,2023-03-16 10:09:54.041858,,,159.93,159.94,710,69,Glass
17858,2023-03-16 10:09:54.635631,,,159.93,159.94,710,68,Glass
405,2023-03-16 10:09:54.635631,159.94,1,,,,,Deal
17859,2023-03-16 10:09:56.154819,,,159.93,159.94,570,68,Glass
17860,2023-03-16 10:09:56.663780,,,159.93,159.94,570,67,Glass
406,2023-03-16 10:09:56.663780,159.94,1,,,,,Deal
407,2023-03-16 10:09:57.506365,159.94,10,,,,,Deal
17861,2023-03-16 10:09:57.506365,,,159.93,159.94,1070,57,Glass
17862,2023-03-16 10:10:00.654709,,,159.93,159.94,1120,57,Glass
408,2023-03-16 10:10:01.015105,159.94,2,,,,,Deal
17863,2023-03-16 10:10:01.162562,,,159.93,159.94,1120,45,Glass
409,2023-03-16 10:10:01.580541,159.94,6,,,,,Deal
17864,2023-03-16 10:10:04.980985,,,159.93,159.94,1159,61,Glass
410,2023-03-16 10:10:04.980985,159.93,1,,,,,Deal
17865,2023-03-16 10:10:06.390281,,,159.93,159.94,1164,61,Glass
17866,2023-03-16 10:10:07.732142,,,159.93,159.94,1164,60,Glass
411,2023-03-16 10:10:07.732142,159.94,1,,,,,Deal
412,2023-03-16 10:10:08.499618,159.93,1,,,,,Deal
17867,2023-03-16 10:10:08.499618,,,159.93,159.94,1163,60,Glass
17868,2023-03-16 10:10:09.385099,,,159.93,159.94,619,10,Glass
17869,2023-03-16 10:10:09.983456,,,159.93,159.94,545,10,Glass
413,2023-03-16 10:10:09.983456,159.93,74,,,,,Deal
17870,2023-03-16 10:10:10.778577,,,159.93,159.94,519,20,Glass
17871,2023-03-16 10:10:12.344179,,,159.93,159.94,519,30,Glass
17872,2023-03-16 10:10:17.472122,,,159.93,159.94,529,30,Glass
17873,2023-03-16 10:10:18.078286,,,159.93,159.94,529,31,Glass
414,2023-03-16 10:10:21.374454,159.94,4,,,,,Deal
17874,2023-03-16 10:10:21.374454,,,159.93,159.94,529,27,Glass
17875,2023-03-16 10:10:23.965051,,,159.93,159.94,529,13,Glass
415,2023-03-16 10:10:24.493361,159.94,2,,,,,Deal
17876,2023-03-16 10:10:24.493361,,,159.93,159.94,529,11,Glass
416,2023-03-16 10:10:25.799166,159.94,3,,,,,Deal
17877,2023-03-16 10:10:25.799166,,,159.93,159.94,529,105,Glass
17878,2023-03-16 10:10:27.076821,,,159.93,159.94,439,105,Glass
417,2023-03-16 10:10:27.076821,159.93,40,,,,,Deal
17879,2023-03-16 10:10:28.479686,,,159.93,159.94,89,155,Glass
418,2023-03-16 10:10:30.930672,159.93,34,,,,,Deal
17880,2023-03-16 10:10:30.930672,,,159.93,159.94,55,155,Glass
17881,2023-03-16 10:10:31.563022,,,159.92,159.93,10,221,Glass
419,2023-03-16 10:10:31.563022,159.93,1,,,,,Deal
17882,2023-03-16 10:10:32.179811,,,159.9,159.93,15,221,Glass
17883,2023-03-16 10:10:33.280606,,,159.9,159.93,15,121,Glass
420,2023-03-16 10:10:33.280606,159.93,100,,,,,Deal
17884,2023-03-16 10:10:35.074464,,,159.93,159.94,890,44,Glass
421,2023-03-16 10:10:35.074464,159.94,20,,,,,Deal
422,2023-03-16 10:10:36.045596,159.94,2,,,,,Deal
17885,2023-03-16 10:10:36.045596,,,159.93,159.94,785,42,Glass
17886,2023-03-16 10:10:36.740812,,,159.93,159.94,785,355,Glass
423,2023-03-16 10:10:37.282584,159.94,40,,,,,Deal
17887,2023-03-16 10:10:37.282605,,,159.93,159.94,385,313,Glass
424,2023-03-16 10:10:38.085819,159.94,10,,,,,Deal
17888,2023-03-16 10:10:38.085819,,,159.93,159.94,695,85,Glass
425,2023-03-16 10:10:40.395295,159.93,5,,,,,Deal
17889,2023-03-16 10:10:40.395295,,,159.93,159.94,690,83,Glass
426,2023-03-16 10:10:44.259246,159.93,1,,,,,Deal
17890,2023-03-16 10:10:44.259246,,,159.93,159.94,644,83,Glass
17891,2023-03-16 10:10:44.921029,,,159.93,159.94,744,83,Glass
427,2023-03-16 10:10:44.921342,159.94,40,,,,,Deal
17892,2023-03-16 10:10:45.770020,,,159.93,159.94,643,83,Glass
428,2023-03-16 10:10:45.770020,159.93,1,,,,,Deal
429,2023-03-16 10:10:46.414588,159.94,6,,,,,Deal
17893,2023-03-16 10:10:46.414588,,,159.93,159.94,643,77,Glass
430,2023-03-16 10:10:47.168785,159.93,2,,,,,Deal
17894,2023-03-16 10:10:47.168785,,,159.93,159.94,641,75,Glass
431,2023-03-16 10:10:49.696709,159.94,20,,,,,Deal
17895,2023-03-16 10:10:49.696737,,,159.93,159.94,641,45,Glass
432,2023-03-16 10:10:50.365050,159.93,2,,,,,Deal
17896,2023-03-16 10:10:50.365050,,,159.93,159.94,639,39,Glass
433,2023-03-16 10:10:50.941276,159.94,29,,,,,Deal
17897,2023-03-16 10:10:50.941276,,,159.93,159.94,639,10,Glass
434,2023-03-16 10:10:52.881350,159.94,3,,,,,Deal
17898,2023-03-16 10:10:52.881350,,,159.93,159.94,639,7,Glass
435,2023-03-16 10:10:55.344595,159.94,1,,,,,Deal
17899,2023-03-16 10:10:55.344595,,,159.93,159.94,639,6,Glass
17900,2023-03-16 10:10:56.134637,,,159.93,159.94,640,16,Glass
17901,2023-03-16 10:10:58.571377,,,159.93,159.94,540,117,Glass
17902,2023-03-16 10:10:59.181595,,,159.93,159.94,540,117,Glass
436,2023-03-16 10:10:59.181595,159.94,6,,,,,Deal
437,2023-03-16 10:10:59.828448,159.94,2,,,,,Deal
17903,2023-03-16 10:10:59.828448,,,159.93,159.94,540,130,Glass
17904,2023-03-16 10:11:01.509768,,,159.93,159.94,540,127,Glass
438,2023-03-16 10:11:01.509768,159.94,3,,,,,Deal
439,2023-03-16 10:11:05.529262,159.93,1,,,,,Deal
17905,2023-03-16 10:11:05.529262,,,159.93,159.94,539,427,Glass
440,2023-03-16 10:11:08.741587,159.93,98,,,,,Deal
17906,2023-03-16 10:11:08.741587,,,159.93,159.94,441,430,Glass
441,2023-03-16 10:11:09.259353,159.93,2,,,,,Deal
17907,2023-03-16 10:11:09.259353,,,159.93,159.94,412,479,Glass
442,2023-03-16 10:11:10.227267,159.94,2,,,,,Deal
17908,2023-03-16 10:11:10.227267,,,159.93,159.94,412,477,Glass
17909,2023-03-16 10:11:12.305341,,,159.93,159.94,412,469,Glass
443,2023-03-16 10:11:12.305341,159.94,10,,,,,Deal
17910,2023-03-16 10:11:13.126434,,,159.93,159.94,412,479,Glass
444,2023-03-16 10:11:13.167046,159.93,1,,,,,Deal
445,2023-03-16 10:11:14.028702,159.93,50,,,,,Deal
17911,2023-03-16 10:11:14.028702,,,159.93,159.94,361,479,Glass
17912,2023-03-16 10:11:16.056174,,,159.93,159.94,311,519,Glass
17913,2023-03-16 10:11:16.629209,,,159.93,159.94,311,515,Glass
446,2023-03-16 10:11:16.629209,159.94,4,,,,,Deal
17914,2023-03-16 10:11:17.815021,,,159.93,159.94,311,517,Glass
447,2023-03-16 10:11:18.043054,159.94,10,,,,,Deal
17915,2023-03-16 10:11:20.377125,,,159.93,159.94,311,174,Glass
17916,2023-03-16 10:11:21.838262,,,159.93,159.94,311,170,Glass
448,2023-03-16 10:11:21.838262,159.94,1,,,,,Deal
449,2023-03-16 10:11:23.122955,159.94,5,,,,,Deal
17917,2023-03-16 10:11:23.122955,,,159.93,159.94,311,165,Glass
450,2023-03-16 10:11:24.488299,159.93,1,,,,,Deal
17918,2023-03-16 10:11:24.488299,,,159.93,159.94,308,165,Glass
451,2023-03-16 10:11:25.681308,159.93,1,,,,,Deal
17919,2023-03-16 10:11:25.681308,,,159.93,159.94,307,165,Glass
17920,2023-03-16 10:11:26.908865,,,159.93,159.94,207,308,Glass
452,2023-03-16 10:11:27.168801,159.93,1,,,,,Deal
453,2023-03-16 10:11:28.445783,159.93,1,,,,,Deal
17921,2023-03-16 10:11:28.445783,,,159.93,159.94,205,308,Glass
17922,2023-03-16 10:11:29.837114,,,159.93,159.94,204,308,Glass
454,2023-03-16 10:11:29.837114,159.93,1,,,,,Deal
17923,2023-03-16 10:11:30.396181,,,159.93,159.94,203,448,Glass
455,2023-03-16 10:11:30.529179,159.94,1,,,,,Deal
17924,2023-03-16 10:11:31.221454,,,159.93,159.94,202,447,Glass
456,2023-03-16 10:11:31.221454,159.93,1,,,,,Deal
17925,2023-03-16 10:11:31.943518,,,159.93,159.94,1235,417,Glass
457,2023-03-16 10:11:32.087055,159.93,65,,,,,Deal
458,2023-03-16 10:11:32.941717,159.93,1,,,,,Deal
17926,2023-03-16 10:11:32.941717,,,159.93,159.94,1169,368,Glass
17927,2023-03-16 10:11:35.169926,,,159.93,159.94,1169,228,Glass
459,2023-03-16 10:11:35.415603,159.94,20,,,,,Deal
460,2023-03-16 10:11:36.446845,159.94,5,,,,,Deal
17928,2023-03-16 10:11:36.446845,,,159.93,159.94,1169,203,Glass
17929,2023-03-16 10:11:37.074583,,,159.93,159.94,7472,100,Glass
461,2023-03-16 10:11:37.074583,159.94,3,,,,,Deal
462,2023-03-16 10:11:38.051373,159.94,83,,,,,Deal
17930,2023-03-16 10:11:38.051373,,,159.93,159.94,7592,100,Glass
463,2023-03-16 10:11:39.221921,159.94,1,,,,,Deal
17931,2023-03-16 10:11:39.221921,,,159.93,159.94,7592,82,Glass
464,2023-03-16 10:11:39.739505,159.94,35,,,,,Deal
17932,2023-03-16 10:11:39.739505,,,159.93,159.94,7592,47,Glass
17933,2023-03-16 10:11:40.244890,,,159.93,159.94,7547,48,Glass
17934,2023-03-16 10:11:40.836989,,,159.93,159.94,7534,48,Glass
465,2023-03-16 10:11:40.836989,159.93,13,,,,,Deal
17935,2023-03-16 10:11:41.434545,,,159.93,159.94,7675,48,Glass
17936,2023-03-16 10:11:42.387983,,,159.93,159.94,7675,38,Glass
466,2023-03-16 10:11:42.387983,159.94,10,,,,,Deal
17937,2023-03-16 10:11:43.624951,,,159.93,159.94,7598,38,Glass
467,2023-03-16 10:11:43.624951,159.93,77,,,,,Deal
17938,2023-03-16 10:11:46.378523,,,159.93,159.94,7533,36,Glass
468,2023-03-16 10:11:46.378523,159.93,20,,,,,Deal
17939,2023-03-16 10:11:47.604713,,,159.93,159.94,7532,36,Glass
17940,2023-03-16 10:11:48.878108,,,159.93,159.94,7531,36,Glass
469,2023-03-16 10:11:48.878108,159.93,1,,,,,Deal
17941,2023-03-16 10:11:50.354206,,,159.93,159.94,7531,35,Glass
470,2023-03-16 10:11:50.354206,159.94,1,,,,,Deal
17942,2023-03-16 10:11:56.686664,,,159.93,159.94,7451,35,Glass
471,2023-03-16 10:11:56.686664,159.93,80,,,,,Deal
17943,2023-03-16 10:11:59.383880,,,159.93,159.94,7438,30,Glass
472,2023-03-16 10:11:59.383880,159.93,10,,,,,Deal
473,2023-03-16 10:11:59.899459,159.93,4,,,,,Deal
17944,2023-03-16 10:11:59.899459,,,159.93,159.94,7534,9,Glass
17945,2023-03-16 10:12:00.917732,,,159.93,159.94,7534,7,Glass
474,2023-03-16 10:12:00.917732,159.94,2,,,,,Deal
475,2023-03-16 10:12:01.877286,159.93,5,,,,,Deal
17946,2023-03-16 10:12:01.877286,,,159.93,159.94,7529,2,Glass
17947,2023-03-16 10:12:04.761136,,,159.93,159.94,7429,142,Glass
17948,2023-03-16 10:12:06.117711,,,159.93,159.94,7429,141,Glass
476,2023-03-16 10:12:06.117711,159.94,301,,,,,Deal
17949,2023-03-16 10:12:06.645073,,,159.99,160.0,673,2838,Glass
477,2023-03-16 10:12:06.816801,159.99,1,,,,,Deal
17950,2023-03-16 10:12:07.351238,,,159.99,160.0,671,2838,Glass
478,2023-03-16 10:12:07.351238,159.99,1,,,,,Deal
17951,2023-03-16 10:12:07.874091,,,159.99,160.0,621,2340,Glass
479,2023-03-16 10:12:07.888832,160.0,5,,,,,Deal
480,2023-03-16 10:12:10.056697,160.0,1,,,,,Deal
17952,2023-03-16 10:12:10.056697,,,159.99,160.0,621,2283,Glass
17953,2023-03-16 10:12:11.795062,,,159.99,160.0,568,2342,Glass
17954,2023-03-16 10:12:12.322195,,,159.99,160.0,568,1842,Glass
481,2023-03-16 10:12:12.322195,160.0,500,,,,,Deal
17955,2023-03-16 10:12:13.307729,,,159.99,160.0,572,1837,Glass
482,2023-03-16 10:12:13.497721,160.0,200,,,,,Deal
17956,2023-03-16 10:12:13.823981,,,159.99,160.0,571,1637,Glass
483,2023-03-16 10:12:14.156801,160.0,500,,,,,Deal
484,2023-03-16 10:12:15.219393,159.99,1,,,,,Deal
17957,2023-03-16 10:12:15.219393,,,159.99,160.0,570,1137,Glass
17958,2023-03-16 10:12:15.811507,,,159.99,160.0,710,1147,Glass
485,2023-03-16 10:12:16.453786,159.99,40,,,,,Deal
17959,2023-03-16 10:12:16.453786,,,159.99,160.0,715,1147,Glass
486,2023-03-16 10:12:18.193319,160.0,173,,,,,Deal
17960,2023-03-16 10:12:18.193319,,,159.99,160.0,715,971,Glass
17961,2023-03-16 10:12:19.104340,,,159.99,160.0,615,638,Glass
487,2023-03-16 10:12:19.104340,160.0,5,,,,,Deal
488,2023-03-16 10:12:21.087116,160.0,2,,,,,Deal
17962,2023-03-16 10:12:21.087116,,,159.99,160.0,615,626,Glass
17963,2023-03-16 10:12:21.690288,,,159.99,160.0,635,626,Glass
17964,2023-03-16 10:12:22.240808,,,159.99,160.0,632,715,Glass
489,2023-03-16 10:12:22.240808,160.0,6,,,,,Deal
490,2023-03-16 10:12:24.023497,160.0,23,,,,,Deal
17965,2023-03-16 10:12:24.023497,,,159.99,160.0,632,690,Glass
491,2023-03-16 10:12:25.296515,160.0,12,,,,,Deal
17966,2023-03-16 10:12:25.296515,,,159.99,160.0,735,100,Glass
492,2023-03-16 10:12:26.018311,160.0,1,,,,,Deal
17967,2023-03-16 10:12:26.018311,,,159.99,160.0,735,171,Glass
17968,2023-03-16 10:12:26.917815,,,159.99,160.0,735,176,Glass
493,2023-03-16 10:12:26.917815,160.0,5,,,,,Deal
494,2023-03-16 10:12:28.730185,160.0,29,,,,,Deal
17969,2023-03-16 10:12:28.730185,,,159.99,160.0,735,147,Glass
495,2023-03-16 10:12:29.279066,160.0,37,,,,,Deal
17970,2023-03-16 10:12:29.279066,,,159.99,160.0,735,110,Glass
17971,2023-03-16 10:12:29.859412,,,159.99,160.0,733,197,Glass
496,2023-03-16 10:12:30.293623,160.0,87,,,,,Deal
17972,2023-03-16 10:12:30.650451,,,159.99,160.0,733,195,Glass
497,2023-03-16 10:12:30.944003,160.0,5,,,,,Deal
17973,2023-03-16 10:12:31.343675,,,159.99,160.0,733,130,Glass
498,2023-03-16 10:12:31.818101,160.0,1,,,,,Deal
17974,2023-03-16 10:12:32.005990,,,159.99,160.0,687,139,Glass
17975,2023-03-16 10:12:32.649490,,,159.99,160.0,732,133,Glass
499,2023-03-16 10:12:32.805526,160.0,2,,,,,Deal
17976,2023-03-16 10:12:33.232847,,,159.99,160.0,732,131,Glass
17977,2023-03-16 10:12:33.892485,,,159.99,160.0,687,141,Glass
17978,2023-03-16 10:12:34.547958,,,159.99,160.0,567,141,Glass
500,2023-03-16 10:12:34.547958,160.0,21,,,,,Deal
501,2023-03-16 10:12:35.183080,160.0,1,,,,,Deal
17979,2023-03-16 10:12:35.183080,,,159.99,160.0,567,191,Glass
17980,2023-03-16 10:12:37.322168,,,159.99,160.0,547,191,Glass
502,2023-03-16 10:12:37.322168,159.99,20,,,,,Deal
17981,2023-03-16 10:12:38.122520,,,159.99,160.0,547,189,Glass
503,2023-03-16 10:12:38.122520,160.0,2,,,,,Deal
17982,2023-03-16 10:12:39.572414,,,159.99,160.0,557,188,Glass
17983,2023-03-16 10:12:40.145554,,,159.99,160.0,557,186,Glass
504,2023-03-16 10:12:40.145554,160.0,2,,,,,Deal
17984,2023-03-16 10:12:41.020010,,,159.99,160.0,351,186,Glass
17985,2023-03-16 10:12:42.700233,,,159.99,160.0,231,231,Glass
505,2023-03-16 10:12:42.700233,159.99,120,,,,,Deal
17986,2023-03-16 10:12:43.684445,,,159.99,160.0,41,255,Glass
506,2023-03-16 10:12:45.726470,159.99,10,,,,,Deal
17987,2023-03-16 10:12:45.726470,,,159.99,160.0,31,265,Glass
507,2023-03-16 10:12:46.272216,159.99,1,,,,,Deal
17988,2023-03-16 10:12:46.272216,,,159.99,160.0,30,263,Glass
508,2023-03-16 10:12:47.235201,159.99,1,,,,,Deal
17989,2023-03-16 10:12:47.235201,,,159.99,160.0,28,308,Glass
509,2023-03-16 10:12:48.938971,159.99,1,,,,,Deal
17990,2023-03-16 10:12:48.938971,,,159.99,160.0,25,308,Glass
510,2023-03-16 10:12:51.717833,159.99,4,,,,,Deal
17991,2023-03-16 10:12:51.717833,,,159.99,160.0,21,318,Glass
17992,2023-03-16 10:12:52.996921,,,159.98,159.99,121,330,Glass
17993,2023-03-16 10:12:53.807823,,,159.98,159.99,121,350,Glass
511,2023-03-16 10:12:53.964322,159.99,1,,,,,Deal
512,2023-03-16 10:12:55.039646,159.99,1,,,,,Deal
17994,2023-03-16 10:12:55.039646,,,159.98,159.99,121,348,Glass
17995,2023-03-16 10:12:56.202179,,,159.98,159.99,121,30,Glass
513,2023-03-16 10:12:56.202179,159.99,13,,,,,Deal
17996,2023-03-16 10:12:56.763469,,,159.98,159.99,121,15,Glass
514,2023-03-16 10:12:56.763469,159.99,3,,,,,Deal
17997,2023-03-16 10:12:58.356554,,,159.98,159.99,121,19,Glass
515,2023-03-16 10:12:58.863958,159.99,1,,,,,Deal
17998,2023-03-16 10:12:58.863958,,,159.98,159.99,121,2218,Glass
17999,2023-03-16 10:13:00.701362,,,159.98,159.99,121,2217,Glass
516,2023-03-16 10:13:00.701362,159.99,1,,,,,Deal
18000,2023-03-16 10:13:01.293070,,,159.98,159.99,119,2217,Glass
517,2023-03-16 10:13:01.293070,159.98,1,,,,,Deal
18001,2023-03-16 10:13:02.021023,,,159.98,159.99,119,2517,Glass
518,2023-03-16 10:13:02.200956,159.98,1,,,,,Deal
18002,2023-03-16 10:13:02.592806,,,159.98,159.99,117,2517,Glass
18003,2023-03-16 10:13:04.065191,,,159.98,159.99,117,2514,Glass
519,2023-03-16 10:13:04.065191,159.99,3,,,,,Deal
18004,2023-03-16 10:13:05.452957,,,159.98,159.99,117,2496,Glass
520,2023-03-16 10:13:05.452957,159.99,1,,,,,Deal
18005,2023-03-16 10:13:06.246980,,,159.98,159.99,16,2496,Glass
521,2023-03-16 10:13:06.246980,159.98,1,,,,,Deal
18006,2023-03-16 10:13:06.858743,,,159.98,159.99,6,2497,Glass
522,2023-03-16 10:13:06.858743,159.98,10,,,,,Deal
523,2023-03-16 10:13:07.681444,159.98,5,,,,,Deal
18007,2023-03-16 10:13:07.681444,,,159.98,159.99,1,2497,Glass
18008,2023-03-16 10:13:08.691204,,,159.97,159.98,122,305,Glass
524,2023-03-16 10:13:08.691204,159.98,4,,,,,Deal
18009,2023-03-16 10:13:09.192754,,,159.97,159.98,121,303,Glass
525,2023-03-16 10:13:10.178779,159.98,80,,,,,Deal
18010,2023-03-16 10:13:10.178779,,,159.97,159.98,121,223,Glass
526,2023-03-16 10:13:11.102485,159.98,2,,,,,Deal
18011,2023-03-16 10:13:11.102485,,,159.97,159.98,123,222,Glass
18012,2023-03-16 10:13:12.690183,,,159.97,159.98,123,217,Glass
527,2023-03-16 10:13:13.009921,159.98,20,,,,,Deal
18013,2023-03-16 10:13:13.272722,,,159.97,159.98,123,187,Glass
18014,2023-03-16 10:13:13.941127,,,159.97,159.98,163,180,Glass
18015,2023-03-16 10:13:14.699867,,,159.97,159.98,163,297,Glass
528,2023-03-16 10:13:15.329315,159.97,2,,,,,Deal
18016,2023-03-16 10:13:15.329315,,,159.97,159.98,161,296,Glass
529,2023-03-16 10:13:16.825024,159.98,1,,,,,Deal
18017,2023-03-16 10:13:16.825024,,,159.97,159.98,161,295,Glass
18018,2023-03-16 10:13:18.487649,,,159.97,159.98,161,127,Glass
530,2023-03-16 10:13:19.236430,159.98,1,,,,,Deal
18019,2023-03-16 10:13:19.236430,,,159.97,159.98,161,126,Glass
18020,2023-03-16 10:13:20.706891,,,159.97,159.98,241,126,Glass
531,2023-03-16 10:13:20.706918,159.98,9,,,,,Deal
18021,2023-03-16 10:13:22.040908,,,159.97,159.99,243,1694,Glass
18022,2023-03-16 10:13:23.029118,,,159.97,159.99,243,1394,Glass
532,2023-03-16 10:13:23.138870,159.99,1,,,,,Deal
18023,2023-03-16 10:13:23.791017,,,159.97,159.98,243,16,Glass
533,2023-03-16 10:13:23.791017,159.98,1,,,,,Deal
18024,2023-03-16 10:13:25.942394,,,159.97,159.99,243,1393,Glass
534,2023-03-16 10:13:25.942394,159.98,16,,,,,Deal
18025,2023-03-16 10:13:27.585637,,,159.98,159.99,979,1393,Glass
535,2023-03-16 10:13:27.585637,159.98,6,,,,,Deal
18026,2023-03-16 10:13:28.224639,,,159.98,159.99,1008,1393,Glass
18027,2023-03-16 10:13:29.322259,,,159.98,159.99,1009,1392,Glass
536,2023-03-16 10:13:29.322259,159.99,1,,,,,Deal
18028,2023-03-16 10:13:30.006360,,,159.98,159.99,1019,1392,Glass
18029,2023-03-16 10:13:30.686357,,,159.98,159.99,1019,1391,Glass
537,2023-03-16 10:13:30.686357,159.99,1,,,,,Deal
538,2023-03-16 10:13:31.235945,159.99,2,,,,,Deal
18030,2023-03-16 10:13:31.235945,,,159.99,160.0,131,578,Glass
539,2023-03-16 10:13:31.824597,160.0,50,,,,,Deal
18031,2023-03-16 10:13:31.824597,,,159.99,160.0,131,523,Glass
18032,2023-03-16 10:13:33.464977,,,159.99,160.0,140,516,Glass
540,2023-03-16 10:13:33.464977,160.0,1,,,,,Deal
18033,2023-03-16 10:13:34.075170,,,159.99,160.0,135,586,Glass
541,2023-03-16 10:13:34.075170,159.99,5,,,,,Deal
18034,2023-03-16 10:13:34.668956,,,159.99,160.0,135,561,Glass
18035,2023-03-16 10:13:36.053010,,,159.99,160.0,135,529,Glass
542,2023-03-16 10:13:36.053010,160.0,32,,,,,Deal
543,2023-03-16 10:13:37.000570,160.0,40,,,,,Deal
18036,2023-03-16 10:13:37.000570,,,159.99,160.0,837,101,Glass
544,2023-03-16 10:13:37.550982,160.0,100,,,,,Deal
18037,2023-03-16 10:13:37.550982,,,159.99,160.0,837,81,Glass
18038,2023-03-16 10:13:40.674548,,,159.99,160.0,537,180,Glass
545,2023-03-16 10:13:41.231252,160.0,1,,,,,Deal
18039,2023-03-16 10:13:41.231252,,,159.99,160.0,349,183,Glass
18040,2023-03-16 10:13:42.480954,,,159.99,160.0,346,183,Glass
546,2023-03-16 10:13:42.596153,160.0,50,,,,,Deal
18041,2023-03-16 10:13:43.688321,,,159.99,160.0,346,128,Glass
547,2023-03-16 10:13:43.688321,160.0,5,,,,,Deal
548,2023-03-16 10:13:44.274173,160.0,28,,,,,Deal
18042,2023-03-16 10:13:44.274173,,,159.99,160.0,564,100,Glass
18043,2023-03-16 10:13:45.042390,,,159.99,160.0,754,100,Glass
549,2023-03-16 10:13:45.252495,160.0,20,,,,,Deal
18044,2023-03-16 10:13:45.700788,,,159.99,160.0,755,40,Glass
550,2023-03-16 10:13:45.957960,160.0,190,,,,,Deal
18045,2023-03-16 10:13:46.522131,,,159.99,160.0,755,33,Glass
551,2023-03-16 10:13:46.522131,160.0,5,,,,,Deal
18046,2023-03-16 10:13:48.672758,,,159.99,160.0,755,13,Glass
552,2023-03-16 10:13:48.672758,160.0,10,,,,,Deal
553,2023-03-16 10:13:49.341839,159.99,10,,,,,Deal
18047,2023-03-16 10:13:49.341839,,,159.99,160.0,745,13,Glass
18048,2023-03-16 10:13:49.863405,,,159.99,160.0,743,109,Glass
18049,2023-03-16 10:13:51.172267,,,159.99,160.0,743,118,Glass
554,2023-03-16 10:13:51.725624,159.99,57,,,,,Deal
18050,2023-03-16 10:13:51.725624,,,159.99,160.0,887,118,Glass
18051,2023-03-16 10:13:54.845874,,,159.99,160.0,677,108,Glass
555,2023-03-16 10:13:54.845874,160.0,156,,,,,Deal
556,2023-03-16 10:13:55.622126,160.0,10,,,,,Deal
18052,2023-03-16 10:13:55.622126,,,159.99,160.0,677,33,Glass
557,2023-03-16 10:13:56.326329,160.0,200,,,,,Deal
18053,2023-03-16 10:13:56.326329,,,159.99,160.01,1108,135,Glass
18054,2023-03-16 10:13:57.425337,,,159.99,160.01,1108,135,Glass
558,2023-03-16 10:13:57.425337,160.0,200,,,,,Deal
18055,2023-03-16 10:13:58.221543,,,159.99,160.0,1098,40,Glass
559,2023-03-16 10:13:58.221543,159.99,10,,,,,Deal
18056,2023-03-16 10:13:58.743274,,,159.99,160.01,947,135,Glass
560,2023-03-16 10:13:58.743274,160.0,120,,,,,Deal
561,2023-03-16 10:13:59.510580,159.99,15,,,,,Deal
18057,2023-03-16 10:13:59.510580,,,159.99,160.0,931,60,Glass
18058,2023-03-16 10:14:00.311197,,,159.99,160.0,931,20,Glass
562,2023-03-16 10:14:00.311197,160.0,40,,,,,Deal
18059,2023-03-16 10:14:01.396394,,,159.99,160.0,931,19,Glass
563,2023-03-16 10:14:01.396394,160.0,1,,,,,Deal
18060,2023-03-16 10:14:02.006529,,,159.99,160.0,835,28,Glass
564,2023-03-16 10:14:02.168329,160.0,1,,,,,Deal
18061,2023-03-16 10:14:02.538981,,,159.99,160.0,600,55,Glass
565,2023-03-16 10:14:02.930319,159.99,2,,,,,Deal
18062,2023-03-16 10:14:04.498395,,,159.99,160.0,738,45,Glass
566,2023-03-16 10:14:04.498395,160.0,10,,,,,Deal
18063,2023-03-16 10:14:05.013296,,,160.04,160.05,800,2,Glass
567,2023-03-16 10:14:05.013296,160.05,2,,,,,Deal
18064,2023-03-16 10:14:06.229406,,,160.09,160.1,493,77,Glass
568,2023-03-16 10:14:06.259732,160.09,2,,,,,Deal
18065,2023-03-16 10:14:07.132701,,,160.11,160.12,691,29,Glass
18066,2023-03-16 10:14:08.270679,,,160.11,160.12,711,29,Glass
569,2023-03-16 10:14:08.577256,160.12,3,,,,,Deal
18067,2023-03-16 10:14:09.243543,,,160.11,160.12,1511,20,Glass
570,2023-03-16 10:14:09.630887,160.11,1,,,,,Deal
571,2023-03-16 10:14:10.133818,160.12,1,,,,,Deal
18068,2023-03-16 10:14:10.133818,,,160.11,160.12,1510,19,Glass
18069,2023-03-16 10:14:10.848436,,,160.11,160.12,1510,11,Glass
572,2023-03-16 10:14:10.848436,160.12,7,,,,,Deal
18070,2023-03-16 10:14:11.371817,,,160.19,160.2,909,1584,Glass
573,2023-03-16 10:14:11.678778,160.2,4,,,,,Deal
18071,2023-03-16 10:14:12.230032,,,160.19,160.2,909,1559,Glass
574,2023-03-16 10:14:12.230818,160.19,15,,,,,Deal
18072,2023-03-16 10:14:12.834648,,,160.19,160.2,894,1548,Glass
575,2023-03-16 10:14:12.834648,160.2,10,,,,,Deal
18073,2023-03-16 10:14:13.440263,,,160.19,160.2,893,1548,Glass
576,2023-03-16 10:14:13.440263,160.19,1,,,,,Deal
18074,2023-03-16 10:14:14.122947,,,160.19,160.2,891,1548,Glass
577,2023-03-16 10:14:14.122947,160.19,1,,,,,Deal
18075,2023-03-16 10:14:15.210585,,,160.19,160.2,829,1538,Glass
578,2023-03-16 10:14:15.210585,160.19,62,,,,,Deal
18076,2023-03-16 10:14:16.342839,,,160.18,160.19,322,287,Glass
579,2023-03-16 10:14:16.830871,160.19,9,,,,,Deal
18077,2023-03-16 10:14:16.960189,,,160.18,160.19,322,380,Glass
580,2023-03-16 10:14:18.539535,160.19,10,,,,,Deal
18078,2023-03-16 10:14:18.539535,,,160.18,160.19,322,367,Glass
18079,2023-03-16 10:14:19.468137,,,160.18,160.19,322,366,Glass
18080,2023-03-16 10:14:20.038158,,,160.18,160.19,322,369,Glass
581,2023-03-16 10:14:20.165376,160.18,1,,,,,Deal
582,2023-03-16 10:14:21.592545,160.19,1,,,,,Deal
18081,2023-03-16 10:14:21.592545,,,160.18,160.19,322,367,Glass
18082,2023-03-16 10:14:22.404238,,,160.18,160.19,323,109,Glass
18083,2023-03-16 10:14:23.895132,,,160.18,160.19,322,109,Glass
583,2023-03-16 10:14:23.987543,160.18,40,,,,,Deal
18084,2023-03-16 10:14:24.691763,,,160.11,160.16,273,32,Glass
18085,2023-03-16 10:14:25.789076,,,160.11,160.16,51,32,Glass
584,2023-03-16 10:14:26.394159,160.11,1,,,,,Deal
18086,2023-03-16 10:14:26.394159,,,160.11,160.16,50,32,Glass
18087,2023-03-16 10:14:27.189694,,,160.08,160.14,143,30,Glass
18088,2023-03-16 10:14:27.730085,,,160.08,160.13,93,1,Glass
18089,2023-03-16 10:14:28.264556,,,160.08,160.11,93,50,Glass
585,2023-03-16 10:14:28.266911,160.08,93,,,,,Deal
586,2023-03-16 10:14:29.252413,160.04,1,,,,,Deal
18090,2023-03-16 10:14:29.252413,,,160.04,160.11,499,267,Glass
18091,2023-03-16 10:14:29.994403,,,160.05,160.11,1,267,Glass
587,2023-03-16 10:14:30.343157,160.05,1,,,,,Deal
18092,2023-03-16 10:14:30.613520,,,160.04,160.1,371,31,Glass
18093,2023-03-16 10:14:31.292745,,,160.04,160.1,371,253,Glass
18094,2023-03-16 10:14:32.272758,,,160.04,160.08,371,1,Glass
18095,2023-03-16 10:14:32.832636,,,160.03,160.08,220,1,Glass
18096,2023-03-16 10:14:33.628823,,,160.03,160.07,220,200,Glass
18097,2023-03-16 10:14:34.619958,,,160.05,160.07,5,200,Glass
588,2023-03-16 10:14:34.620463,160.05,5,,,,,Deal
589,2023-03-16 10:14:35.585913,160.01,15,,,,,Deal
18098,2023-03-16 10:14:35.585913,,,160.01,160.02,121,60,Glass
18099,2023-03-16 10:14:37.073389,,,160.0,160.04,29,96,Glass
590,2023-03-16 10:14:38.386330,160.04,4,,,,,Deal
18100,2023-03-16 10:14:38.386330,,,160.0,160.04,29,92,Glass
18101,2023-03-16 10:14:39.272121,,,160.0,160.02,29,10,Glass
18102,2023-03-16 10:14:40.065131,,,160.0,160.02,29,41,Glass
18103,2023-03-16 10:14:41.132916,,,160.0,160.01,28,92,Glass
591,2023-03-16 10:14:41.132916,160.0,1,,,,,Deal
18104,2023-03-16 10:14:41.902862,,,160.0,160.02,19,41,Glass
592,2023-03-16 10:14:42.291779,160.02,1,,,,,Deal
18105,2023-03-16 10:14:45.911987,,,160.0,160.02,17,40,Glass
593,2023-03-16 10:14:45.911987,160.0,2,,,,,Deal
594,2023-03-16 10:14:46.456457,160.02,1,,,,,Deal
18106,2023-03-16 10:14:46.456457,,,160.0,160.02,16,29,Glass
18107,2023-03-16 10:14:47.181638,,,160.0,160.02,116,29,Glass
18108,2023-03-16 10:14:49.967588,,,160.0,160.02,131,29,Glass
18109,2023-03-16 10:14:50.790097,,,160.0,160.01,131,21,Glass
18110,2023-03-16 10:14:51.366023,,,160.0,160.01,117,21,Glass
595,2023-03-16 10:14:51.366023,160.0,14,,,,,Deal
18111,2023-03-16 10:14:52.984829,,,160.0,160.01,39,51,Glass
596,2023-03-16 10:14:53.099954,160.01,2,,,,,Deal
18112,2023-03-16 10:14:53.896726,,,160.0,160.01,39,31,Glass
597,2023-03-16 10:14:53.896726,160.01,18,,,,,Deal
18113,2023-03-16 10:14:57.571185,,,160.02,160.03,122,10,Glass
18114,2023-03-16 10:14:59.106536,,,160.02,160.03,52,10,Glass
598,2023-03-16 10:14:59.106536,160.02,70,,,,,Deal
18115,2023-03-16 10:15:00.453054,,,160.02,160.03,52,5,Glass
599,2023-03-16 10:15:00.453054,160.03,5,,,,,Deal
600,2023-03-16 10:15:01.265820,160.02,1,,,,,Deal
18116,2023-03-16 10:15:01.265820,,,160.02,160.07,51,2,Glass
18117,2023-03-16 10:15:01.946932,,,160.02,160.07,51,94,Glass
601,2023-03-16 10:15:02.813061,160.02,49,,,,,Deal
18118,2023-03-16 10:15:02.813061,,,160.02,160.07,2,94,Glass
602,2023-03-16 10:15:05.413688,160.01,1,,,,,Deal
18119,2023-03-16 10:15:05.413688,,,160.01,160.02,640,49,Glass
18120,2023-03-16 10:15:06.402409,,,160.01,160.02,612,48,Glass
603,2023-03-16 10:15:06.402409,160.02,1,,,,,Deal
604,2023-03-16 10:15:07.842679,160.02,1,,,,,Deal
18121,2023-03-16 10:15:07.842679,,,160.01,160.02,612,47,Glass
605,2023-03-16 10:15:09.717844,160.06,1,,,,,Deal
18122,2023-03-16 10:15:09.717844,,,160.03,160.06,140,39,Glass
606,2023-03-16 10:15:10.956258,160.03,1,,,,,Deal
18123,2023-03-16 10:15:10.956258,,,160.03,160.07,139,3,Glass
607,2023-03-16 10:15:13.324812,160.06,39,,,,,Deal
18124,2023-03-16 10:15:13.324812,,,160.03,160.07,139,2,Glass
18125,2023-03-16 10:15:13.928050,,,160.07,160.1,29,47,Glass
608,2023-03-16 10:15:13.928050,160.08,1,,,,,Deal
18126,2023-03-16 10:15:14.964466,,,160.07,160.1,38,197,Glass
18127,2023-03-16 10:15:15.619986,,,160.07,160.1,38,47,Glass
18128,2023-03-16 10:15:17.099291,,,160.07,160.09,38,2,Glass
18129,2023-03-16 10:15:19.105420,,,160.07,160.09,38,120,Glass
609,2023-03-16 10:15:19.105420,160.09,2,,,,,Deal
18130,2023-03-16 10:15:20.935373,,,160.07,160.09,38,109,Glass
18131,2023-03-16 10:15:24.586941,,,160.07,160.09,38,108,Glass
610,2023-03-16 10:15:24.586941,160.09,1,,,,,Deal
18132,2023-03-16 10:15:25.437447,,,160.07,160.09,38,98,Glass
611,2023-03-16 10:15:25.437447,160.09,10,,,,,Deal
18133,2023-03-16 10:15:27.686972,,,160.07,160.09,28,98,Glass
612,2023-03-16 10:15:27.686972,160.07,10,,,,,Deal
18134,2023-03-16 10:15:28.933993,,,160.07,160.09,28,97,Glass
613,2023-03-16 10:15:28.933993,160.09,1,,,,,Deal
614,2023-03-16 10:15:29.786657,160.09,10,,,,,Deal
18135,2023-03-16 10:15:29.786657,,,160.07,160.09,27,87,Glass
18136,2023-03-16 10:15:30.553131,,,160.07,160.09,27,86,Glass
615,2023-03-16 10:15:30.553131,160.09,1,,,,,Deal
616,2023-03-16 10:15:34.316678,160.07,13,,,,,Deal
18137,2023-03-16 10:15:34.316678,,,160.07,160.09,10,84,Glass
18138,2023-03-16 10:15:35.951394,,,160.05,160.06,150,77,Glass
617,2023-03-16 10:15:36.273012,160.06,1,,,,,Deal
618,2023-03-16 10:15:39.991876,160.06,76,,,,,Deal
18139,2023-03-16 10:15:39.991876,,,160.05,160.09,150,378,Glass
18140,2023-03-16 10:15:42.821945,,,160.18,160.2,20,521,Glass
619,2023-03-16 10:15:42.821945,160.2,528,,,,,Deal
620,2023-03-16 10:15:43.726562,160.24,43,,,,,Deal
18141,2023-03-16 10:15:43.726562,,,160.23,160.24,29,262,Glass
18142,2023-03-16 10:15:44.269743,,,160.28,160.29,13,63,Glass
621,2023-03-16 10:15:44.381346,160.29,2,,,,,Deal
18143,2023-03-16 10:15:44.789811,,,160.34,160.35,23,20,Glass
622,2023-03-16 10:15:45.250056,160.34,5,,,,,Deal
18144,2023-03-16 10:15:45.378017,,,160.31,160.35,569,21,Glass
18145,2023-03-16 10:15:45.977075,,,160.31,160.37,569,4683,Glass
623,2023-03-16 10:15:45.977075,160.36,171,,,,,Deal
18146,2023-03-16 10:15:47.419804,,,160.31,160.36,569,213,Glass
18147,2023-03-16 10:15:47.946247,,,160.31,160.36,569,348,Glass
624,2023-03-16 10:15:47.946247,160.36,5,,,,,Deal
18148,2023-03-16 10:15:48.929838,,,160.32,160.35,5,5,Glass
625,2023-03-16 10:15:49.233855,160.35,5,,,,,Deal
18149,2023-03-16 10:15:49.611739,,,160.32,160.37,105,2219,Glass
626,2023-03-16 10:15:49.764511,160.37,800,,,,,Deal
627,2023-03-16 10:15:50.437222,160.37,29,,,,,Deal
18150,2023-03-16 10:15:50.437222,,,160.32,160.37,106,1154,Glass
18151,2023-03-16 10:15:51.246023,,,160.35,160.37,5,2,Glass
628,2023-03-16 10:15:51.678280,160.37,2,,,,,Deal
18152,2023-03-16 10:15:51.955622,,,160.38,160.39,84,5,Glass
18153,2023-03-16 10:15:52.703160,,,160.38,160.39,84,25,Glass
629,2023-03-16 10:15:52.804979,160.39,1,,,,,Deal
630,2023-03-16 10:15:53.916301,160.39,1,,,,,Deal
18154,2023-03-16 10:15:53.916301,,,160.38,160.4,84,2039,Glass
631,2023-03-16 10:15:54.742403,160.39,2,,,,,Deal
18155,2023-03-16 10:15:54.742403,,,160.39,160.4,2,2042,Glass
632,2023-03-16 10:15:55.381496,160.4,10,,,,,Deal
18156,2023-03-16 10:15:55.381496,,,160.39,160.4,2,1832,Glass
18157,2023-03-16 10:15:55.951816,,,160.35,160.4,605,1732,Glass
633,2023-03-16 10:15:55.951816,160.4,92,,,,,Deal
18158,2023-03-16 10:15:57.025705,,,160.38,160.4,3,821,Glass
634,2023-03-16 10:15:57.078688,160.4,5,,,,,Deal
18159,2023-03-16 10:15:57.542131,,,160.38,160.39,3,10,Glass
635,2023-03-16 10:15:57.670357,160.38,3,,,,,Deal
18160,2023-03-16 10:15:58.257220,,,160.29,160.34,222,300,Glass
636,2023-03-16 10:15:58.257220,160.32,5,,,,,Deal
18161,2023-03-16 10:15:58.827924,,,160.26,160.33,222,10,Glass
637,2023-03-16 10:15:58.827924,160.33,25,,,,,Deal
18162,2023-03-16 10:15:59.664872,,,160.26,160.3,222,40,Glass
638,2023-03-16 10:15:59.741333,160.3,5,,,,,Deal
18163,2023-03-16 10:16:00.234171,,,160.25,160.3,7,33,Glass
639,2023-03-16 10:16:00.384819,160.3,30,,,,,Deal
18164,2023-03-16 10:16:00.784376,,,160.29,160.3,80,100,Glass
640,2023-03-16 10:16:01.039557,160.3,10,,,,,Deal
18165,2023-03-16 10:16:01.403826,,,160.29,160.31,80,5,Glass
641,2023-03-16 10:16:01.687177,160.32,3,,,,,Deal
18166,2023-03-16 10:16:02.040412,,,160.33,160.35,30,399,Glass
642,2023-03-16 10:16:02.531660,160.35,6,,,,,Deal
18167,2023-03-16 10:16:02.782943,,,160.33,160.35,30,403,Glass
643,2023-03-16 10:16:03.126624,160.35,42,,,,,Deal
18168,2023-03-16 10:16:03.399823,,,160.33,160.35,30,291,Glass
18169,2023-03-16 10:16:03.997156,,,160.33,160.35,30,281,Glass
644,2023-03-16 10:16:03.997156,160.35,10,,,,,Deal
645,2023-03-16 10:16:04.730779,160.35,2,,,,,Deal
18170,2023-03-16 10:16:04.730779,,,160.33,160.35,23,279,Glass
646,2023-03-16 10:16:05.800342,160.33,13,,,,,Deal
18171,2023-03-16 10:16:05.800342,,,160.33,160.34,10,254,Glass
18172,2023-03-16 10:16:06.379587,,,160.27,160.33,346,10,Glass
647,2023-03-16 10:16:06.447337,160.31,100,,,,,Deal
18173,2023-03-16 10:16:06.950252,,,160.25,160.3,295,17,Glass
648,2023-03-16 10:16:06.950252,160.3,5,,,,,Deal
649,2023-03-16 10:16:07.468963,160.3,2,,,,,Deal
18174,2023-03-16 10:16:07.468963,,,160.3,160.32,1,1,Glass
18175,2023-03-16 10:16:08.050995,,,160.3,160.33,1,27,Glass
650,2023-03-16 10:16:08.050995,160.32,1,,,,,Deal
18176,2023-03-16 10:16:08.583548,,,160.3,160.33,1,1,Glass
651,2023-03-16 10:16:08.684041,160.33,1,,,,,Deal
18177,2023-03-16 10:16:09.085059,,,160.3,160.34,1,44,Glass
652,2023-03-16 10:16:09.349816,160.34,1,,,,,Deal
18178,2023-03-16 10:16:09.636727,,,160.3,160.34,1,33,Glass
18179,2023-03-16 10:16:10.298158,,,160.3,160.34,1,12,Glass
653,2023-03-16 10:16:10.298158,160.34,21,,,,,Deal
18180,2023-03-16 10:16:11.289723,,,160.3,160.34,601,5,Glass
654,2023-03-16 10:16:11.289723,160.34,1,,,,,Deal
18181,2023-03-16 10:16:12.377533,,,160.3,160.35,601,3877,Glass
655,2023-03-16 10:16:12.377533,160.35,40,,,,,Deal
656,2023-03-16 10:16:13.205254,160.35,5,,,,,Deal
18182,2023-03-16 10:16:13.205254,,,160.3,160.35,601,3842,Glass
657,2023-03-16 10:16:13.709022,160.35,10,,,,,Deal
18183,2023-03-16 10:16:13.709022,,,160.3,160.35,601,3761,Glass
658,2023-03-16 10:16:14.289872,160.35,20,,,,,Deal
18184,2023-03-16 10:16:14.289872,,,160.34,160.35,1,3641,Glass
18185,2023-03-16 10:16:14.992409,,,160.34,160.35,1,3639,Glass
659,2023-03-16 10:16:14.992409,160.35,2,,,,,Deal
660,2023-03-16 10:16:16.191699,160.35,20,,,,,Deal
18186,2023-03-16 10:16:16.191699,,,160.34,160.35,1,3619,Glass
661,2023-03-16 10:16:16.960224,160.35,47,,,,,Deal
18187,2023-03-16 10:16:16.960224,,,160.34,160.35,1,3572,Glass
18188,2023-03-16 10:16:17.858716,,,160.31,160.35,85,3572,Glass
662,2023-03-16 10:16:17.858716,160.34,1,,,,,Deal
663,2023-03-16 10:16:18.471435,160.34,3,,,,,Deal
18189,2023-03-16 10:16:18.471435,,,160.3,160.34,1,397,Glass
664,2023-03-16 10:16:19.445000,160.34,6,,,,,Deal
18190,2023-03-16 10:16:19.445000,,,160.33,160.34,10,291,Glass
665,2023-03-16 10:16:21.292821,160.34,20,,,,,Deal
18191,2023-03-16 10:16:21.292821,,,160.33,160.34,10,271,Glass
18192,2023-03-16 10:16:22.185070,,,160.33,160.34,10,251,Glass
666,2023-03-16 10:16:22.185070,160.34,20,,,,,Deal
18193,2023-03-16 10:16:22.865037,,,160.33,160.34,25,248,Glass
18194,2023-03-16 10:16:24.210231,,,160.33,160.34,16,248,Glass
667,2023-03-16 10:16:24.325225,160.34,10,,,,,Deal
668,2023-03-16 10:16:25.007079,160.34,100,,,,,Deal
18195,2023-03-16 10:16:25.007079,,,160.33,160.34,16,88,Glass
18196,2023-03-16 10:16:25.884324,,,160.33,160.34,16,188,Glass
669,2023-03-16 10:16:27.199695,160.33,5,,,,,Deal
18197,2023-03-16 10:16:27.199695,,,160.33,160.34,11,188,Glass
18198,2023-03-16 10:16:28.127011,,,160.31,160.34,10,10,Glass
18199,2023-03-16 10:16:28.898807,,,160.31,160.34,10,28,Glass
670,2023-03-16 10:16:28.898807,160.34,2,,,,,Deal
18200,2023-03-16 10:16:29.571986,,,160.33,160.34,1,28,Glass
18201,2023-03-16 10:16:30.366639,,,160.31,160.34,10,28,Glass
671,2023-03-16 10:16:30.366639,160.33,1,,,,,Deal
672,2023-03-16 10:16:31.001467,160.33,20,,,,,Deal
18202,2023-03-16 10:16:31.001467,,,160.31,160.33,10,479,Glass
18203,2023-03-16 10:16:31.579699,,,160.32,160.33,20,469,Glass
673,2023-03-16 10:16:31.579699,160.33,10,,,,,Deal
18204,2023-03-16 10:16:32.204979,,,160.32,160.33,20,470,Glass
18205,2023-03-16 10:16:33.126747,,,160.32,160.33,5,471,Glass
674,2023-03-16 10:16:33.126747,160.32,15,,,,,Deal
18206,2023-03-16 10:16:33.649064,,,160.31,160.33,10,451,Glass
675,2023-03-16 10:16:33.649064,160.32,5,,,,,Deal
18207,2023-03-16 10:16:34.432953,,,160.25,160.29,56,67,Glass
676,2023-03-16 10:16:34.432953,160.29,3,,,,,Deal
18208,2023-03-16 10:16:35.007306,,,160.25,160.29,54,10,Glass
18209,2023-03-16 10:16:35.526743,,,160.25,160.29,54,60,Glass
677,2023-03-16 10:16:35.947084,160.25,3,,,,,Deal
18210,2023-03-16 10:16:36.133877,,,160.25,160.29,49,60,Glass
678,2023-03-16 10:16:37.379591,160.29,5,,,,,Deal
18211,2023-03-16 10:16:37.379591,,,160.26,160.29,500,16,Glass
18212,2023-03-16 10:16:38.121304,,,160.25,160.28,49,10,Glass
679,2023-03-16 10:16:38.906745,160.28,2,,,,,Deal
18213,2023-03-16 10:16:38.906745,,,160.25,160.28,49,8,Glass
18214,2023-03-16 10:16:39.771124,,,160.26,160.3,500,819,Glass
18215,2023-03-16 10:16:40.605598,,,160.26,160.3,500,819,Glass
680,2023-03-16 10:16:40.605598,160.29,5,,,,,Deal
18216,2023-03-16 10:16:41.177185,,,160.27,160.29,1,2,Glass
18217,2023-03-16 10:16:41.751312,,,160.27,160.3,38,775,Glass
681,2023-03-16 10:16:41.751312,160.27,1,,,,,Deal
18218,2023-03-16 10:16:42.905455,,,160.25,160.29,139,2,Glass
682,2023-03-16 10:16:44.439269,160.25,1,,,,,Deal
18219,2023-03-16 10:16:44.439269,,,160.25,160.29,38,2,Glass
683,2023-03-16 10:16:45.226792,160.3,2,,,,,Deal
18220,2023-03-16 10:16:45.226792,,,160.27,160.3,500,676,Glass
684,2023-03-16 10:16:45.830551,160.3,25,,,,,Deal
18221,2023-03-16 10:16:45.830551,,,160.27,160.3,500,651,Glass
18222,2023-03-16 10:16:46.463372,,,160.25,160.3,638,651,Glass
685,2023-03-16 10:16:46.868451,160.28,10,,,,,Deal
18223,2023-03-16 10:16:47.807160,,,160.27,160.29,29,150,Glass
686,2023-03-16 10:16:48.274553,160.27,1,,,,,Deal
18224,2023-03-16 10:16:48.784250,,,160.27,160.29,33,150,Glass
687,2023-03-16 10:16:48.930504,160.29,50,,,,,Deal
688,2023-03-16 10:16:50.676998,160.29,1,,,,,Deal
18225,2023-03-16 10:16:50.676998,,,160.29,160.31,39,10,Glass
18226,2023-03-16 10:16:51.288663,,,160.3,160.31,10,10,Glass
18227,2023-03-16 10:16:51.839252,,,160.29,160.31,39,10,Glass
689,2023-03-16 10:16:51.839252,160.3,10,,,,,Deal
18228,2023-03-16 10:16:53.771784,,,160.25,160.28,246,18,Glass
18229,2023-03-16 10:16:54.738513,,,160.25,160.28,346,18,Glass
18230,2023-03-16 10:16:55.471314,,,160.27,160.28,25,13,Glass
690,2023-03-16 10:16:55.471314,160.28,1,,,,,Deal
691,2023-03-16 10:16:56.443984,160.28,5,,,,,Deal
18231,2023-03-16 10:16:56.443984,,,160.27,160.28,25,8,Glass
18232,2023-03-16 10:16:57.892847,,,160.23,160.25,376,200,Glass
692,2023-03-16 10:16:58.467658,160.25,1,,,,,Deal
18233,2023-03-16 10:16:58.467658,,,160.22,160.25,596,199,Glass
18234,2023-03-16 10:16:59.253532,,,160.22,160.25,596,269,Glass
693,2023-03-16 10:17:01.118184,160.22,80,,,,,Deal
18235,2023-03-16 10:17:01.118184,,,160.22,160.24,516,1,Glass
694,2023-03-16 10:17:02.693698,160.22,28,,,,,Deal
18236,2023-03-16 10:17:02.693698,,,160.22,160.24,478,1,Glass
695,2023-03-16 10:17:04.429273,160.22,476,,,,,Deal
18237,2023-03-16 10:17:04.429273,,,160.22,160.24,1,1,Glass
696,2023-03-16 10:17:05.687252,160.15,1,,,,,Deal
18238,2023-03-16 10:17:05.687252,,,160.15,160.2,139,185,Glass
18239,2023-03-16 10:17:06.289125,,,160.15,160.2,140,185,Glass
697,2023-03-16 10:17:06.590357,160.15,60,,,,,Deal
18240,2023-03-16 10:17:07.057875,,,160.15,160.2,1,100,Glass
18241,2023-03-16 10:17:07.807916,,,160.15,160.2,1,65,Glass
698,2023-03-16 10:17:07.807916,160.19,13,,,,,Deal
18242,2023-03-16 10:17:09.776470,,,160.15,160.2,502,43,Glass
699,2023-03-16 10:17:09.776470,160.19,1,,,,,Deal
18243,2023-03-16 10:17:10.339207,,,160.15,160.19,502,4,Glass
18244,2023-03-16 10:17:11.098383,,,160.15,160.19,501,4,Glass
18245,2023-03-16 10:17:13.382944,,,160.15,160.2,1,3399,Glass
700,2023-03-16 10:17:13.382944,160.19,4,,,,,Deal
18246,2023-03-16 10:17:14.209565,,,160.15,160.2,6,3373,Glass
701,2023-03-16 10:17:15.869069,160.19,25,,,,,Deal
18247,2023-03-16 10:17:15.869069,,,160.15,160.19,6,2076,Glass
702,2023-03-16 10:17:16.414082,160.18,1,,,,,Deal
18248,2023-03-16 10:17:16.414082,,,160.14,160.19,96,2198,Glass
703,2023-03-16 10:17:17.087373,160.14,96,,,,,Deal
18249,2023-03-16 10:17:17.087373,,,160.13,160.19,10,2196,Glass
704,2023-03-16 10:17:18.647985,160.14,2,,,,,Deal
18250,2023-03-16 10:17:18.647985,,,160.13,160.16,10,26,Glass
18251,2023-03-16 10:17:20.093122,,,160.15,160.17,68,27,Glass
705,2023-03-16 10:17:20.777681,160.17,13,,,,,Deal
18252,2023-03-16 10:17:20.777681,,,160.15,160.17,68,14,Glass
18253,2023-03-16 10:17:22.112471,,,160.16,160.17,50,1,Glass
18254,2023-03-16 10:17:23.600291,,,160.15,160.17,68,1,Glass
706,2023-03-16 10:17:23.600291,160.16,50,,,,,Deal
18255,2023-03-16 10:17:24.459986,,,160.15,160.18,57,1,Glass
707,2023-03-16 10:17:24.459986,160.17,1,,,,,Deal
708,2023-03-16 10:17:26.346626,160.18,1,,,,,Deal
18256,2023-03-16 10:17:26.346626,,,160.15,160.19,57,2251,Glass
18257,2023-03-16 10:17:26.883452,,,160.15,160.18,56,10,Glass
18258,2023-03-16 10:17:28.124269,,,160.17,160.18,48,10,Glass
709,2023-03-16 10:17:28.828203,160.17,2,,,,,Deal
18259,2023-03-16 10:17:28.828203,,,160.17,160.18,46,12,Glass
18260,2023-03-16 10:17:29.401045,,,160.15,160.18,56,12,Glass
710,2023-03-16 10:17:29.401045,160.17,46,,,,,Deal
18261,2023-03-16 10:17:30.862979,,,160.15,160.18,24,102,Glass
18262,2023-03-16 10:17:32.143615,,,160.15,160.18,2,107,Glass
18263,2023-03-16 10:17:33.879347,,,160.15,160.18,2,106,Glass
711,2023-03-16 10:17:33.879347,160.18,1,,,,,Deal
18264,2023-03-16 10:17:34.914091,,,160.17,160.18,300,105,Glass
712,2023-03-16 10:17:34.914091,160.18,1,,,,,Deal
18265,2023-03-16 10:17:35.725524,,,160.17,160.18,300,103,Glass
713,2023-03-16 10:17:35.725524,160.18,1,,,,,Deal
18266,2023-03-16 10:17:38.314319,,,160.17,160.18,300,104,Glass
18267,2023-03-16 10:17:39.147136,,,160.17,160.18,322,104,Glass
714,2023-03-16 10:17:39.423727,160.18,1,,,,,Deal
18268,2023-03-16 10:17:39.808707,,,160.17,160.18,322,6,Glass
715,2023-03-16 10:17:40.160790,160.18,25,,,,,Deal
716,2023-03-16 10:17:41.344576,160.17,50,,,,,Deal
18269,2023-03-16 10:17:41.344576,,,160.17,160.18,272,175,Glass
717,2023-03-16 10:17:42.269326,160.17,249,,,,,Deal
18270,2023-03-16 10:17:42.269326,,,160.17,160.18,22,175,Glass
718,2023-03-16 10:17:43.547787,160.17,2,,,,,Deal
18271,2023-03-16 10:17:43.547787,,,160.15,160.17,11,6,Glass
18272,2023-03-16 10:17:45.224055,,,160.15,160.18,417,278,Glass
719,2023-03-16 10:17:45.224055,160.17,2,,,,,Deal
18273,2023-03-16 10:17:45.795312,,,160.16,160.18,1,250,Glass
720,2023-03-16 10:17:47.878269,160.16,1,,,,,Deal
18274,2023-03-16 10:17:47.878269,,,160.15,160.18,417,250,Glass
18275,2023-03-16 10:17:48.626789,,,160.14,160.17,1,29,Glass
18276,2023-03-16 10:17:50.903568,,,160.14,160.15,1,99,Glass
721,2023-03-16 10:17:52.577110,160.14,1,,,,,Deal
18277,2023-03-16 10:17:52.577110,,,160.12,160.15,3,99,Glass
18278,2023-03-16 10:17:53.148574,,,160.1,160.14,402,145,Glass
722,2023-03-16 10:17:53.287614,160.14,1,,,,,Deal
723,2023-03-16 10:17:54.242596,160.14,1,,,,,Deal
18279,2023-03-16 10:17:54.242596,,,160.1,160.14,402,143,Glass
724,2023-03-16 10:17:55.249262,160.1,31,,,,,Deal
18280,2023-03-16 10:17:55.249262,,,160.1,160.14,371,140,Glass
725,2023-03-16 10:17:56.486248,160.07,1,,,,,Deal
18281,2023-03-16 10:17:56.486248,,,160.07,160.09,148,1266,Glass
18282,2023-03-16 10:17:57.305466,,,160.07,160.09,148,1271,Glass
726,2023-03-16 10:17:57.455367,160.09,30,,,,,Deal
18283,2023-03-16 10:17:57.929613,,,160.07,160.09,148,5,Glass
727,2023-03-16 10:17:57.967538,160.09,5,,,,,Deal
18284,2023-03-16 10:17:59.380103,,,160.09,160.14,362,140,Glass
728,2023-03-16 10:17:59.459344,160.1,10,,,,,Deal
18285,2023-03-16 10:18:00.245948,,,160.1,160.13,90,123,Glass
729,2023-03-16 10:18:00.271645,160.1,20,,,,,Deal
18286,2023-03-16 10:18:01.284687,,,160.09,160.1,34,1,Glass
730,2023-03-16 10:18:01.728966,160.1,1,,,,,Deal
18287,2023-03-16 10:18:02.005462,,,160.1,160.14,140,140,Glass
18288,2023-03-16 10:18:03.334022,,,160.07,160.09,50,1714,Glass
731,2023-03-16 10:18:03.334022,160.07,100,,,,,Deal
18289,2023-03-16 10:18:05.165557,,,160.07,160.08,50,86,Glass
732,2023-03-16 10:18:05.165996,160.07,50,,,,,Deal
18290,2023-03-16 10:18:05.865307,,,160.06,160.1,20,100,Glass
733,2023-03-16 10:18:06.544135,160.07,23,,,,,Deal
18291,2023-03-16 10:18:06.544135,,,160.06,160.08,20,1,Glass
18292,2023-03-16 10:18:07.385190,,,160.06,160.08,20,1,Glass
734,2023-03-16 10:18:08.467868,160.06,10,,,,,Deal
18293,2023-03-16 10:18:08.467868,,,160.06,160.07,10,100,Glass
18294,2023-03-16 10:18:09.078011,,,160.03,160.07,140,80,Glass
735,2023-03-16 10:18:09.078011,160.04,1,,,,,Deal
736,2023-03-16 10:18:09.989913,160.07,10,,,,,Deal
18295,2023-03-16 10:18:09.989913,,,160.02,160.07,7,70,Glass
737,2023-03-16 10:18:10.661962,160.02,4,,,,,Deal
18296,2023-03-16 10:18:10.661962,,,160.01,160.07,979,57,Glass
18297,2023-03-16 10:18:11.500510,,,160.02,160.08,2,109,Glass
738,2023-03-16 10:18:11.735417,160.02,2,,,,,Deal
739,2023-03-16 10:18:12.461605,160.0,10,,,,,Deal
18298,2023-03-16 10:18:12.461605,,,160.0,160.01,613,993,Glass
18299,2023-03-16 10:18:13.152442,,,160.0,160.01,663,993,Glass
18300,2023-03-16 10:18:14.384520,,,160.0,160.01,649,993,Glass
740,2023-03-16 10:18:14.384520,160.0,14,,,,,Deal
741,2023-03-16 10:18:15.144857,159.98,200,,,,,Deal
18301,2023-03-16 10:18:15.144857,,,159.98,159.99,893,499,Glass
18302,2023-03-16 10:18:15.885169,,,159.97,159.98,485,301,Glass
742,2023-03-16 10:18:15.885169,159.97,45,,,,,Deal
18303,2023-03-16 10:18:16.404365,,,159.97,159.98,634,302,Glass
18304,2023-03-16 10:18:16.941515,,,159.97,159.98,634,108,Glass
743,2023-03-16 10:18:17.351230,159.97,1,,,,,Deal
18305,2023-03-16 10:18:17.770980,,,159.97,159.98,96,1,Glass
744,2023-03-16 10:18:18.155552,160.02,20,,,,,Deal
18306,2023-03-16 10:18:18.411443,,,159.97,160.02,82,30,Glass
745,2023-03-16 10:18:19.903131,159.97,50,,,,,Deal
18307,2023-03-16 10:18:19.903131,,,159.96,159.97,200,439,Glass
746,2023-03-16 10:18:20.668867,159.95,63,,,,,Deal
18308,2023-03-16 10:18:20.668867,,,159.95,159.97,137,389,Glass
18309,2023-03-16 10:18:21.531118,,,159.95,159.96,180,175,Glass
747,2023-03-16 10:18:22.273238,159.96,50,,,,,Deal
18310,2023-03-16 10:18:22.273238,,,159.95,159.96,180,125,Glass
748,2023-03-16 10:18:23.928088,159.96,1,,,,,Deal
18311,2023-03-16 10:18:23.928088,,,159.95,159.96,180,88,Glass
18312,2023-03-16 10:18:24.693741,,,159.95,159.96,180,42,Glass
749,2023-03-16 10:18:25.157587,159.96,42,,,,,Deal
18313,2023-03-16 10:18:25.287405,,,159.95,159.97,180,274,Glass
750,2023-03-16 10:18:25.663869,159.95,180,,,,,Deal
18314,2023-03-16 10:18:26.040835,,,159.94,159.96,871,194,Glass
18315,2023-03-16 10:18:26.626615,,,159.95,159.96,200,144,Glass
751,2023-03-16 10:18:26.626615,159.96,50,,,,,Deal
18316,2023-03-16 10:18:27.434207,,,159.95,159.96,199,500,Glass
752,2023-03-16 10:18:27.871722,159.95,10,,,,,Deal
18317,2023-03-16 10:18:28.007397,,,159.94,159.95,339,144,Glass
18318,2023-03-16 10:18:28.732580,,,159.94,159.96,238,950,Glass
753,2023-03-16 10:18:28.732580,159.94,300,,,,,Deal
754,2023-03-16 10:18:29.341364,159.96,50,,,,,Deal
18319,2023-03-16 10:18:29.341364,,,159.95,159.96,198,887,Glass
18320,2023-03-16 10:18:30.619493,,,159.95,159.96,308,696,Glass
755,2023-03-16 10:18:31.081610,159.96,38,,,,,Deal
18321,2023-03-16 10:18:31.254610,,,159.95,159.96,308,607,Glass
18322,2023-03-16 10:18:31.781559,,,159.95,159.96,130,507,Glass
756,2023-03-16 10:18:31.781559,159.96,50,,,,,Deal
18323,2023-03-16 10:18:32.388460,,,159.95,159.96,130,557,Glass
757,2023-03-16 10:18:32.435800,159.95,1,,,,,Deal
18324,2023-03-16 10:18:32.902064,,,159.95,159.96,219,511,Glass
758,2023-03-16 10:18:33.200909,159.96,10,,,,,Deal
18325,2023-03-16 10:18:33.512536,,,159.95,159.96,231,390,Glass
